
<record>
  <leader>02661cam a2200397 i 4500</leader>
  <controlfield tag="001">20661178</controlfield>
  <controlfield tag="005">20200103172224.0</controlfield>
  <controlfield tag="008">180829e201805  ag a     b    000 0 spa d</controlfield>
  <datafield tag="906" ind1=" " ind2=" ">
    <subfield code="a">0</subfield>
    <subfield code="b">ibc</subfield>
    <subfield code="c">copycat</subfield>
    <subfield code="d">3</subfield>
    <subfield code="e">ncip</subfield>
    <subfield code="f">20</subfield>
    <subfield code="g">y-gencatlg</subfield>
  </datafield>
  <datafield tag="925" ind1="0" ind2=" ">
    <subfield code="a">acquire</subfield>
    <subfield code="b">1 shelf copy</subfield>
    <subfield code="x">policy default</subfield>
  </datafield>
  <datafield tag="955" ind1=" " ind2=" ">
    <subfield code="a">gc00 2018-09-07 item has been shipped</subfield>
    <subfield code="a">bg12 2018-09-19 item received, to sb01</subfield>
    <subfield code="c">bg10 2020-01-03 (telework) NAR</subfield>
  </datafield>
  <datafield tag="955" ind1=" " ind2=" ">
    <subfield code="a">GC04</subfield>
    <subfield code="a">bg12 2018-09-19 item received, to sb01</subfield>
  </datafield>
  <datafield tag="010" ind1=" " ind2=" ">
    <subfield code="a">  2017504643</subfield>
  </datafield>
  <datafield tag="020" ind1=" " ind2=" ">
    <subfield code="a">9789876937467</subfield>
  </datafield>
  <datafield tag="035" ind1=" " ind2=" ">
    <subfield code="a">(AR-BaFGC)0-192719/0</subfield>
  </datafield>
  <datafield tag="040" ind1=" " ind2=" ">
    <subfield code="a">AR-BaFGC</subfield>
    <subfield code="b">eng</subfield>
    <subfield code="c">AR-BaFGC</subfield>
    <subfield code="e">rda</subfield>
    <subfield code="d">DLC</subfield>
  </datafield>
  <datafield tag="042" ind1=" " ind2=" ">
    <subfield code="a">lccopycat</subfield>
  </datafield>
  <datafield tag="043" ind1=" " ind2=" ">
    <subfield code="a">s-ag---</subfield>
  </datafield>
  <datafield tag="050" ind1="0" ind2="0">
    <subfield code="a">HQ1532</subfield>
    <subfield code="b">.P47 2018</subfield>
  </datafield>
  <datafield tag="245" ind1="0" ind2="0">
    <subfield code="a">Perspectiva de géneros :</subfield>
    <subfield code="b">experiencias interdisciplinarias de intervención/investigación /</subfield>
    <subfield code="c">Marcela A. País Andrade (compiladora) ; autorxs, Andrea E. Gutiérrez [and 10 others].</subfield>
  </datafield>
  <datafield tag="250" ind1=" " ind2=" ">
    <subfield code="a">Primera edición.</subfield>
  </datafield>
  <datafield tag="264" ind1=" " ind2="1">
    <subfield code="a">Ciudad Autónoma de Buenos Aires :</subfield>
    <subfield code="b">Ediciones Ciccus,</subfield>
    <subfield code="c">mayo 2018.</subfield>
  </datafield>
  <datafield tag="300" ind1=" " ind2=" ">
    <subfield code="a">237 pages :</subfield>
    <subfield code="b">illustrations ;</subfield>
    <subfield code="c">23 cm</subfield>
  </datafield>
  <datafield tag="336" ind1=" " ind2=" ">
    <subfield code="a">text</subfield>
    <subfield code="2">rdacontent</subfield>
  </datafield>
  <datafield tag="337" ind1=" " ind2=" ">
    <subfield code="a">unmediated</subfield>
    <subfield code="2">rdamedia</subfield>
  </datafield>
  <datafield tag="338" ind1=" " ind2=" ">
    <subfield code="a">volume</subfield>
    <subfield code="2">rdacarrier</subfield>
  </datafield>
  <datafield tag="504" ind1=" " ind2=" ">
    <subfield code="a">Includes bibliographical references (pages 221-237).</subfield>
  </datafield>
  <datafield tag="505" ind1="0" ind2=" ">
    <subfield code="a">Intervención/investigación desde una perspectiva de géneros / Marcela A. País Andrade y Miranda González Martín -- ¿Sólo intervenimos o también incidimos? / Carolina Del Valle -- Los procesos de subjetivación del VIH/SIDA / Nazarena Alegre -- Reflexiones en torno a la importancia de la perspectiva de géneros en la formación de lxs profesionales de la salud residentes en la Ciudad de Buenos Aires / Elizabeth Vicente -- Jóvenes en conflicto con la ley penal / M. Julieta Nebra -- &quot;Soy joven, soy protagonista del cambio&quot; / María Emilia Cebrián -- Mujeres &quot;desaparecidas&quot; en los medios de comunicación / Andrea Gutiérrez -- El (des)encuentro entre los conceptos de políticas sociales y género / Cinthia Ledesma y Matías Pampin -- Dignidad, solidaridad y amistad / Miranda González Martin -- &quot;¿Qué nos vas a dar a cambio?&quot; / Marcela A. País Andrade -- (Re)pensando nuestra propia práctica feminista desde la intervención/investigación / Yanina Kaplan.</subfield>
  </datafield>
  <datafield tag="650" ind1=" " ind2="0">
    <subfield code="a">Gender mainstreaming</subfield>
    <subfield code="z">Argentina.</subfield>
  </datafield>
  <datafield tag="650" ind1=" " ind2="0">
    <subfield code="a">Medical policy</subfield>
    <subfield code="z">Argentina.</subfield>
  </datafield>
  <datafield tag="650" ind1=" " ind2="0">
    <subfield code="a">Youth</subfield>
    <subfield code="x">Government policy</subfield>
    <subfield code="z">Argentina.</subfield>
  </datafield>
  <datafield tag="650" ind1=" " ind2="0">
    <subfield code="a">Women</subfield>
    <subfield code="x">Government policy</subfield>
    <subfield code="z">Argentina.</subfield>
  </datafield>
  <datafield tag="700" ind1="1" ind2=" ">
    <subfield code="a">País Andrade, Marcela A.,</subfield>
    <subfield code="e">editor.</subfield>
  </datafield>
  <datafield tag="700" ind1="1" ind2="2">
    <subfield code="a">Gutiérrez, Andrea E.</subfield>
    <subfield code="t">Mujeres &quot;desaparecidas&quot; en los medios de comunicación.</subfield>
    <subfield code="i">Container of (work):</subfield>
  </datafield>
  <datafield tag="923" ind1=" " ind2=" ">
    <subfield code="d">20180814</subfield>
    <subfield code="n">30352</subfield>
    <subfield code="s">AR-BaFGC</subfield>
  </datafield>
  <datafield tag="985" ind1=" " ind2=" ">
    <subfield code="e">GC-FY18</subfield>
  </datafield>
</record>