
<record>
  <leader>02703cam a2200409 i 4500</leader>
  <controlfield tag="001">20669300</controlfield>
  <controlfield tag="005">20200103103033.0</controlfield>
  <controlfield tag="008">180914s2017    su       b    000 0 ara  </controlfield>
  <datafield tag="906" ind1=" " ind2=" ">
    <subfield code="a">7</subfield>
    <subfield code="b">cbc</subfield>
    <subfield code="c">origode</subfield>
    <subfield code="d">3</subfield>
    <subfield code="e">ncip</subfield>
    <subfield code="f">20</subfield>
    <subfield code="g">y-nonroman</subfield>
  </datafield>
  <datafield tag="925" ind1="0" ind2=" ">
    <subfield code="a">acquire</subfield>
    <subfield code="b">1 shelf copy</subfield>
    <subfield code="x">policy default</subfield>
  </datafield>
  <datafield tag="955" ind1=" " ind2=" ">
    <subfield code="b">we30 2018-09-15 to ASME/ME</subfield>
    <subfield code="i">cm11 2020-01-03 Telework to BCCD</subfield>
  </datafield>
  <datafield tag="010" ind1=" " ind2=" ">
    <subfield code="a">  2018388280</subfield>
  </datafield>
  <datafield tag="020" ind1=" " ind2=" ">
    <subfield code="a">9786039067382</subfield>
  </datafield>
  <datafield tag="037" ind1=" " ind2=" ">
    <subfield code="a">35.00 SAR</subfield>
  </datafield>
  <datafield tag="040" ind1=" " ind2=" ">
    <subfield code="a">DLC</subfield>
    <subfield code="b">eng</subfield>
    <subfield code="e">rda</subfield>
    <subfield code="c">DLC</subfield>
  </datafield>
  <datafield tag="042" ind1=" " ind2=" ">
    <subfield code="a">pcc</subfield>
    <subfield code="a">lcode</subfield>
  </datafield>
  <datafield tag="050" ind1="0" ind2="0">
    <subfield code="a">P140</subfield>
    <subfield code="b">.I44 2017</subfield>
  </datafield>
  <datafield tag="066" ind1=" " ind2=" ">
    <subfield code="c">(3</subfield>
  </datafield>
  <datafield tag="245" ind1="0" ind2="0">
    <subfield code="6">880-01</subfield>
    <subfield code="a">Inqirāḍ al-lughāt wa-izadihāruhā :</subfield>
    <subfield code="b">muḥāwalah lil-fahm /</subfield>
    <subfield code="c">sharaka fī fuṣūl al-kitāb, D. Majdī ʻAbd al-Rāziq Sulaymān, D. al-Jamʻī Maḥmūd Būlaʻrās, D. Muḥammad Māzin Jal̄l, D. Maḥmūd ibn ʻAbd Allāh al-Maḥmūd, D. ʻUqayl ibn Ḥāmid al-Zamāy al-Shammarī, D. Manṣūr ibn Mubārak Mīgharī ;  taḥrīr D. Maḥmūd ibn ʻAbd  Allāh al-Maḥmūd .</subfield>
  </datafield>
  <datafield tag="880" ind1="0" ind2="0">
    <subfield code="6">245-01/(3/r‏</subfield>
    <subfield code="a">‏إنقراض اللغات وإزدهارها :‏</subfield>
    <subfield code="b">‏محاولة للفهم /‏</subfield>
    <subfield code="c">‏شرك في فصول الكتاب، د. مجدي عبد الرازق سليمان، د. الجمعي محمود بولعراس، د. محمد مازن جل̄ل، د. محمود بن عبد الله المحمود، د. عقيل بن حامد الزماي الشمري، د. منصور بن مبارك ميغري ؛ تحرير د. محمود بن عبد الله المحمود .</subfield>
  </datafield>
  <datafield tag="250" ind1=" " ind2=" ">
    <subfield code="6">880-02</subfield>
    <subfield code="a">al-Ṭabʻah al-ūlá.</subfield>
  </datafield>
  <datafield tag="880" ind1=" " ind2=" ">
    <subfield code="6">250-02/(3/r‏</subfield>
    <subfield code="a">‏الطبعة الأولى.</subfield>
  </datafield>
  <datafield tag="264" ind1=" " ind2="1">
    <subfield code="6">880-03</subfield>
    <subfield code="a">al-Riyāḍ, al-Mamlakah al-ʻArabīyah al-Saʻūdīyah :</subfield>
    <subfield code="b">Markaz al-Malik ʻAbd Allāh ibn ʻAbd al-ʻAzīz al-Duwalī li-Khidmat al-Lughah al-ʻArabīyah,</subfield>
    <subfield code="c">2016.</subfield>
  </datafield>
  <datafield tag="880" ind1=" " ind2="1">
    <subfield code="6">264-03/(3/r‏</subfield>
    <subfield code="a">‏الرياض، المملكة العربية السعودية :‏</subfield>
    <subfield code="b">‏مركز الملك عبد الله بن عبد العزيز الدولي لخدمة اللغة العربية،‏</subfield>
    <subfield code="c">‏‪2016‬.</subfield>
  </datafield>
  <datafield tag="300" ind1=" " ind2=" ">
    <subfield code="a">287 pages ;</subfield>
    <subfield code="c">24 cm</subfield>
  </datafield>
  <datafield tag="336" ind1=" " ind2=" ">
    <subfield code="a">text</subfield>
    <subfield code="b">txt</subfield>
    <subfield code="2">rdacontent</subfield>
  </datafield>
  <datafield tag="337" ind1=" " ind2=" ">
    <subfield code="a">unmediated</subfield>
    <subfield code="b">n</subfield>
    <subfield code="2">rdamedia</subfield>
  </datafield>
  <datafield tag="338" ind1=" " ind2=" ">
    <subfield code="a">volume</subfield>
    <subfield code="b">nc</subfield>
    <subfield code="2">rdacarrier</subfield>
  </datafield>
  <datafield tag="490" ind1="0" ind2=" ">
    <subfield code="6">880-04</subfield>
    <subfield code="a">Mabāḥith lughawīyah ;</subfield>
    <subfield code="v">21</subfield>
  </datafield>
  <datafield tag="880" ind1="0" ind2=" ">
    <subfield code="6">490-04/(3/r‏</subfield>
    <subfield code="a">‏مباحث لغوية ؛‏</subfield>
    <subfield code="v">‏21</subfield>
  </datafield>
  <datafield tag="504" ind1=" " ind2=" ">
    <subfield code="a">Includes bibliographical references (pages 269-282).</subfield>
  </datafield>
  <datafield tag="650" ind1=" " ind2="0">
    <subfield code="a">Historical linguistics.</subfield>
  </datafield>
  <datafield tag="700" ind1="1" ind2=" ">
    <subfield code="6">880-05</subfield>
    <subfield code="a">Sulaymān, Majdī ʻAbd al-Rāziq.</subfield>
  </datafield>
  <datafield tag="880" ind1="1" ind2=" ">
    <subfield code="6">700-05/(3/r‏</subfield>
    <subfield code="a">‏سليمان، مجدي عبد الرازق.</subfield>
  </datafield>
  <datafield tag="700" ind1="1" ind2=" ">
    <subfield code="6">880-06</subfield>
    <subfield code="a">Maḥmūd, Maḥmūd ibn ʻAbd Allāh.</subfield>
  </datafield>
  <datafield tag="880" ind1="1" ind2=" ">
    <subfield code="6">700-06/(3/r‏</subfield>
    <subfield code="a">‏محمود، محمود بن عبد الله.</subfield>
  </datafield>
  <datafield tag="985" ind1=" " ind2=" ">
    <subfield code="e">ODE-ca</subfield>
  </datafield>
</record>