
<record>
  <leader>02866cam a2200457 i 4500</leader>
  <controlfield tag="001">20673298</controlfield>
  <controlfield tag="005">20200103080323.0</controlfield>
  <controlfield tag="008">180918s2016    ilu           000 d eng d</controlfield>
  <datafield tag="906" ind1=" " ind2=" ">
    <subfield code="a">7</subfield>
    <subfield code="b">cbc</subfield>
    <subfield code="c">copycat</subfield>
    <subfield code="d">4</subfield>
    <subfield code="e">ncip</subfield>
    <subfield code="f">20</subfield>
    <subfield code="g">y-gencatlg</subfield>
  </datafield>
  <datafield tag="925" ind1="0" ind2=" ">
    <subfield code="a">acquire</subfield>
    <subfield code="b">1 shelf copy</subfield>
    <subfield code="x">policy default</subfield>
  </datafield>
  <datafield tag="955" ind1=" " ind2=" ">
    <subfield code="b">xk18 2018-09-18 z-processor</subfield>
    <subfield code="i">xk12 2020-01-03 (telework) c. 1 to CALM</subfield>
  </datafield>
  <datafield tag="010" ind1=" " ind2=" ">
    <subfield code="a">  2018297359</subfield>
  </datafield>
  <datafield tag="020" ind1=" " ind2=" ">
    <subfield code="a">1619590905</subfield>
    <subfield code="q">paperback</subfield>
  </datafield>
  <datafield tag="020" ind1=" " ind2=" ">
    <subfield code="a">9781619590908</subfield>
    <subfield code="q">paperback</subfield>
  </datafield>
  <datafield tag="035" ind1=" " ind2=" ">
    <subfield code="a">(OCoLC)ocn975010419</subfield>
  </datafield>
  <datafield tag="040" ind1=" " ind2=" ">
    <subfield code="a">YDX</subfield>
    <subfield code="b">eng</subfield>
    <subfield code="c">YDX</subfield>
    <subfield code="e">rda</subfield>
    <subfield code="d">PIT</subfield>
    <subfield code="d">OCLCF</subfield>
    <subfield code="d">DLC</subfield>
  </datafield>
  <datafield tag="042" ind1=" " ind2=" ">
    <subfield code="a">lccopycat</subfield>
  </datafield>
  <datafield tag="050" ind1="0" ind2="0">
    <subfield code="a">MLCS 2020/46188 (P)</subfield>
  </datafield>
  <datafield tag="082" ind1="0" ind2="4">
    <subfield code="a">812/.6</subfield>
    <subfield code="2">23</subfield>
  </datafield>
  <datafield tag="100" ind1="1" ind2=" ">
    <subfield code="a">Leaming, Greg,</subfield>
    <subfield code="e">author.</subfield>
  </datafield>
  <datafield tag="245" ind1="1" ind2="4">
    <subfield code="a">The patsy /</subfield>
    <subfield code="c">translated and adapted by Greg Leaming ; from Le Dindon by Georges Feydeau.</subfield>
  </datafield>
  <datafield tag="264" ind1=" " ind2="1">
    <subfield code="a">Woodstock, Illinois :</subfield>
    <subfield code="b">Dramatic Publishing Company,</subfield>
    <subfield code="c">[2016]</subfield>
  </datafield>
  <datafield tag="300" ind1=" " ind2=" ">
    <subfield code="a">120 pages ;</subfield>
    <subfield code="c">19 cm</subfield>
  </datafield>
  <datafield tag="336" ind1=" " ind2=" ">
    <subfield code="a">text</subfield>
    <subfield code="b">txt</subfield>
    <subfield code="2">rdacontent</subfield>
  </datafield>
  <datafield tag="337" ind1=" " ind2=" ">
    <subfield code="a">unmediated</subfield>
    <subfield code="b">n</subfield>
    <subfield code="2">rdamedia</subfield>
  </datafield>
  <datafield tag="338" ind1=" " ind2=" ">
    <subfield code="a">volume</subfield>
    <subfield code="b">nc</subfield>
    <subfield code="2">rdacarrier</subfield>
  </datafield>
  <datafield tag="500" ind1=" " ind2=" ">
    <subfield code="a">Farce. Cast: 9 to 10m., 5 to 6w., 1 to 5 either gender. Three int. sets. Approximate running time: 140 minutes. Code: PM3.</subfield>
  </datafield>
  <datafield tag="520" ind1=" " ind2=" ">
    <subfield code="a">&quot;Lucienne Vatelin is being pursued by the ardent and love-struck Eugene Pontagnac, but the virtuous and faithful woman believes in fidelity. Only when her own husband strays would she pursue a lover of her own. The arrival of Marta Ziegler, an old lover of Lucienne&apos;s husband, brings chaos into the household, and Lucienne throws herself into the arms of her husband&apos;s best friend to wreak revenge. But on the boulevard, nothing is ever this simple! A prize-winning German boxer, his love-sick wife, an elderly American couple traveling to Paris for the first time, and an assortment of managers, servants, bellboys and ladies of the evening all arrive on the night at a local hotel where a horrible night of mistaken identities and slamming doors keeps everyone from getting what they need. In a last act of desperation, Lucienne now seeks revenge in the arms of a family friend, making sure that her husband will catch her in flagrante delicto! But when all seems hopeless, true love untangles every bit of mistaken identity, leaving one very happy couple and some very frustrated young suitors.&quot;</subfield>
    <subfield code="c">--Page [4] of cover.</subfield>
  </datafield>
  <datafield tag="650" ind1=" " ind2="0">
    <subfield code="a">Man-woman relationships</subfield>
    <subfield code="v">Drama.</subfield>
  </datafield>
  <datafield tag="650" ind1=" " ind2="0">
    <subfield code="a">Marriage</subfield>
    <subfield code="v">Drama.</subfield>
  </datafield>
  <datafield tag="650" ind1=" " ind2="0">
    <subfield code="a">Adultery</subfield>
    <subfield code="v">Drama.</subfield>
  </datafield>
  <datafield tag="650" ind1=" " ind2="0">
    <subfield code="a">Revenge</subfield>
    <subfield code="v">Drama.</subfield>
  </datafield>
  <datafield tag="650" ind1=" " ind2="7">
    <subfield code="a">Adultery.</subfield>
    <subfield code="2">fast</subfield>
    <subfield code="0">(OCoLC)fst00797378</subfield>
  </datafield>
  <datafield tag="650" ind1=" " ind2="7">
    <subfield code="a">Man-woman relationships.</subfield>
    <subfield code="2">fast</subfield>
    <subfield code="0">(OCoLC)fst01007080</subfield>
  </datafield>
  <datafield tag="650" ind1=" " ind2="7">
    <subfield code="a">Marriage.</subfield>
    <subfield code="2">fast</subfield>
    <subfield code="0">(OCoLC)fst01010443</subfield>
  </datafield>
  <datafield tag="650" ind1=" " ind2="7">
    <subfield code="a">Revenge.</subfield>
    <subfield code="2">fast</subfield>
    <subfield code="0">(OCoLC)fst01096476</subfield>
  </datafield>
  <datafield tag="655" ind1=" " ind2="7">
    <subfield code="a">Drama.</subfield>
    <subfield code="2">fast</subfield>
    <subfield code="0">(OCoLC)fst01423879</subfield>
  </datafield>
  <datafield tag="655" ind1=" " ind2="7">
    <subfield code="a">Farces.</subfield>
    <subfield code="2">fast</subfield>
    <subfield code="0">(OCoLC)fst01726610</subfield>
  </datafield>
  <datafield tag="655" ind1=" " ind2="7">
    <subfield code="a">Drama.</subfield>
    <subfield code="2">lcgft</subfield>
  </datafield>
  <datafield tag="655" ind1=" " ind2="7">
    <subfield code="a">Farces.</subfield>
    <subfield code="2">lcgft</subfield>
  </datafield>
  <datafield tag="700" ind1="1" ind2=" ">
    <subfield code="a">Feydeau, Georges,</subfield>
    <subfield code="d">1862-1921.</subfield>
    <subfield code="t">Dindon.</subfield>
    <subfield code="i">Adaptation of (work) :</subfield>
  </datafield>
</record>