
<record>
  <leader>02486cam a2200385 i 4500</leader>
  <controlfield tag="001">20674375</controlfield>
  <controlfield tag="005">20200103131321.0</controlfield>
  <controlfield tag="008">180919s2019    ncua     b    001 0beng  </controlfield>
  <datafield tag="906" ind1=" " ind2=" ">
    <subfield code="a">7</subfield>
    <subfield code="b">cbc</subfield>
    <subfield code="c">orignew</subfield>
    <subfield code="d">1</subfield>
    <subfield code="e">ecip</subfield>
    <subfield code="f">20</subfield>
    <subfield code="g">y-gencatlg</subfield>
  </datafield>
  <datafield tag="925" ind1="0" ind2=" ">
    <subfield code="a">acquire</subfield>
    <subfield code="b">2 shelf copies</subfield>
    <subfield code="x">policy default (ex.)</subfield>
  </datafield>
  <datafield tag="955" ind1=" " ind2=" ">
    <subfield code="b">rf06 2018-09-19</subfield>
    <subfield code="c">rf06 2018-09-19 to subj. / NAR for 1xx</subfield>
    <subfield code="i">rf11 2018-09-24 telework to SL</subfield>
    <subfield code="e">rf10 2018-09-27 to Dewey</subfield>
    <subfield code="w">xm09 2018-09-27</subfield>
    <subfield code="a">xn11 2019-07-08 1 copy rec&apos;d., to CIP ver.</subfield>
    <subfield code="f">rf07 2019-07-10 CIP ver. to CALM</subfield>
  </datafield>
  <datafield tag="010" ind1=" " ind2=" ">
    <subfield code="a">  2018044670</subfield>
  </datafield>
  <datafield tag="020" ind1=" " ind2=" ">
    <subfield code="a">9780786498277 (softcover : alk. paper)</subfield>
  </datafield>
  <datafield tag="040" ind1=" " ind2=" ">
    <subfield code="a">DLC</subfield>
    <subfield code="b">eng</subfield>
    <subfield code="c">DLC</subfield>
    <subfield code="e">rda</subfield>
  </datafield>
  <datafield tag="042" ind1=" " ind2=" ">
    <subfield code="a">pcc</subfield>
  </datafield>
  <datafield tag="043" ind1=" " ind2=" ">
    <subfield code="a">n-us-ri</subfield>
    <subfield code="a">n-us---</subfield>
  </datafield>
  <datafield tag="050" ind1="0" ind2="0">
    <subfield code="a">E748.M14857</subfield>
    <subfield code="b">M85 2019</subfield>
  </datafield>
  <datafield tag="082" ind1="0" ind2="0">
    <subfield code="a">328.73/092</subfield>
    <subfield code="a">B</subfield>
    <subfield code="2">23</subfield>
  </datafield>
  <datafield tag="100" ind1="1" ind2=" ">
    <subfield code="a">Mulligan, Debra A.,</subfield>
    <subfield code="d">1960-</subfield>
    <subfield code="e">author.</subfield>
  </datafield>
  <datafield tag="245" ind1="1" ind2="0">
    <subfield code="a">Democratic Repairman :</subfield>
    <subfield code="b">The Political Life of J. Howard McGrath /</subfield>
    <subfield code="c">Debra A. Mulligan.</subfield>
  </datafield>
  <datafield tag="264" ind1=" " ind2="1">
    <subfield code="a">Jefferson, North Carolina :</subfield>
    <subfield code="b">McFarland &amp; Company, Inc., Publishers,</subfield>
    <subfield code="c">[2019]</subfield>
  </datafield>
  <datafield tag="300" ind1=" " ind2=" ">
    <subfield code="a">xiii, 319 pages :</subfield>
    <subfield code="b">illustrations ;</subfield>
    <subfield code="c">23 cm</subfield>
  </datafield>
  <datafield tag="336" ind1=" " ind2=" ">
    <subfield code="a">text</subfield>
    <subfield code="b">txt</subfield>
    <subfield code="2">rdacontent</subfield>
  </datafield>
  <datafield tag="337" ind1=" " ind2=" ">
    <subfield code="a">unmediated</subfield>
    <subfield code="b">n</subfield>
    <subfield code="2">rdamedia</subfield>
  </datafield>
  <datafield tag="338" ind1=" " ind2=" ">
    <subfield code="a">volume</subfield>
    <subfield code="b">nc</subfield>
    <subfield code="2">rdacarrier</subfield>
  </datafield>
  <datafield tag="504" ind1=" " ind2=" ">
    <subfield code="a">Includes bibliographical references (pages 262-312) and index.</subfield>
  </datafield>
  <datafield tag="505" ind1="0" ind2=" ">
    <subfield code="a">Cheers to Eire: Irish immigration -- A young man in a hurry -- With Howard, Howard comes first -- Murder and mayhem in New England -- Fast track vs. race track -- The wiretapping case: Is nothing sacred -- McGrath and the Quonset summer colonists -- McGrath&apos;s ticket to the top -- McGrath and FDR&apos;s second bill of rights -- A vote for the veterans -- The quest to place the displaced -- He&apos;s just &quot;wild about Harry&quot; -- He&apos;ll sink or swim with Harry&quot;.</subfield>
  </datafield>
  <datafield tag="520" ind1=" " ind2=" ">
    <subfield code="a">&quot;As governor of Rhode Island, J. Howard McGrath oversaw the passage of social legislation aimed at improving the lives of his constituents during the dark days of World War II. This biography traces the rise and fall of a politician who achieved notable success yet ultimately fell victim to his appetite for power, fame and fortune&quot;--</subfield>
    <subfield code="c">Provided by publisher.</subfield>
  </datafield>
  <datafield tag="600" ind1="1" ind2="0">
    <subfield code="a">McGrath, J. Howard</subfield>
    <subfield code="q">(James Howard),</subfield>
    <subfield code="d">1903-1966.</subfield>
  </datafield>
  <datafield tag="650" ind1=" " ind2="0">
    <subfield code="a">Legislators</subfield>
    <subfield code="z">United States</subfield>
    <subfield code="v">Biography.</subfield>
  </datafield>
  <datafield tag="610" ind1="1" ind2="0">
    <subfield code="a">United States.</subfield>
    <subfield code="b">Congress.</subfield>
    <subfield code="b">Senate</subfield>
    <subfield code="v">Biography.</subfield>
  </datafield>
  <datafield tag="650" ind1=" " ind2="0">
    <subfield code="a">Cabinet officers</subfield>
    <subfield code="z">United States</subfield>
    <subfield code="v">Biography.</subfield>
  </datafield>
  <datafield tag="650" ind1=" " ind2="0">
    <subfield code="a">Governors</subfield>
    <subfield code="z">Rhode Island</subfield>
    <subfield code="v">Biography.</subfield>
  </datafield>
  <datafield tag="651" ind1=" " ind2="0">
    <subfield code="a">Rhode Island</subfield>
    <subfield code="x">Politics and government</subfield>
    <subfield code="y">1865-1950.</subfield>
  </datafield>
  <datafield tag="651" ind1=" " ind2="0">
    <subfield code="a">United States</subfield>
    <subfield code="x">Politics and government</subfield>
    <subfield code="y">1945-1989.</subfield>
  </datafield>
</record>