
<record>
  <leader>02540cam a22004097i 4500</leader>
  <controlfield tag="001">20676143</controlfield>
  <controlfield tag="005">20200103102317.0</controlfield>
  <controlfield tag="008">180920s2019    cau      b    001 0 eng d</controlfield>
  <datafield tag="906" ind1=" " ind2=" ">
    <subfield code="a">7</subfield>
    <subfield code="b">cbc</subfield>
    <subfield code="c">copycat</subfield>
    <subfield code="d">2</subfield>
    <subfield code="e">epcn</subfield>
    <subfield code="f">20</subfield>
    <subfield code="g">y-gencatlg</subfield>
  </datafield>
  <datafield tag="925" ind1="0" ind2=" ">
    <subfield code="a">Acquire</subfield>
    <subfield code="b">1 shelf copy</subfield>
    <subfield code="x">policy default</subfield>
  </datafield>
  <datafield tag="955" ind1=" " ind2=" ">
    <subfield code="b">rk07 2019-07-27 z-processor</subfield>
    <subfield code="i">rk07 2019-07-29 tele. to BCCD</subfield>
  </datafield>
  <datafield tag="010" ind1=" " ind2=" ">
    <subfield code="a">  2018958977</subfield>
  </datafield>
  <datafield tag="020" ind1=" " ind2=" ">
    <subfield code="a">1621642933</subfield>
    <subfield code="q">paperback</subfield>
  </datafield>
  <datafield tag="020" ind1=" " ind2=" ">
    <subfield code="a">9781621642930</subfield>
    <subfield code="q">paperback</subfield>
  </datafield>
  <datafield tag="035" ind1=" " ind2=" ">
    <subfield code="a">(OCoLC)on1076500186</subfield>
  </datafield>
  <datafield tag="040" ind1=" " ind2=" ">
    <subfield code="a">YDX</subfield>
    <subfield code="b">eng</subfield>
    <subfield code="c">YDX</subfield>
    <subfield code="e">rda</subfield>
    <subfield code="d">BDX</subfield>
    <subfield code="d">OCLCQ</subfield>
    <subfield code="d">ISS</subfield>
    <subfield code="d">JES</subfield>
    <subfield code="d">OCLCF</subfield>
    <subfield code="d">YDXIT</subfield>
    <subfield code="d">DLC</subfield>
  </datafield>
  <datafield tag="042" ind1=" " ind2=" ">
    <subfield code="a">lccopycat</subfield>
  </datafield>
  <datafield tag="050" ind1="0" ind2="0">
    <subfield code="a">BX2250</subfield>
    <subfield code="b">.L48 2019</subfield>
  </datafield>
  <datafield tag="082" ind1="0" ind2="4">
    <subfield code="a">234/.165</subfield>
    <subfield code="2">23</subfield>
  </datafield>
  <datafield tag="100" ind1="1" ind2=" ">
    <subfield code="a">Levering, Matthew,</subfield>
    <subfield code="d">1971-</subfield>
    <subfield code="e">author.</subfield>
  </datafield>
  <datafield tag="245" ind1="1" ind2="4">
    <subfield code="a">The indissolubility of marriage :</subfield>
    <subfield code="b">Amoris laetitia in context /</subfield>
    <subfield code="c">Matthew Levering.</subfield>
  </datafield>
  <datafield tag="264" ind1=" " ind2="1">
    <subfield code="a">San Francisco :</subfield>
    <subfield code="b">Ignatius Press,</subfield>
    <subfield code="c">[2019]</subfield>
  </datafield>
  <datafield tag="300" ind1=" " ind2=" ">
    <subfield code="a">223 pages ;</subfield>
    <subfield code="c">23 cm</subfield>
  </datafield>
  <datafield tag="336" ind1=" " ind2=" ">
    <subfield code="a">text</subfield>
    <subfield code="b">txt</subfield>
    <subfield code="2">rdacontent</subfield>
  </datafield>
  <datafield tag="337" ind1=" " ind2=" ">
    <subfield code="a">unmediated</subfield>
    <subfield code="b">n</subfield>
    <subfield code="2">rdamedia</subfield>
  </datafield>
  <datafield tag="338" ind1=" " ind2=" ">
    <subfield code="a">volume</subfield>
    <subfield code="b">nc</subfield>
    <subfield code="2">rdacarrier</subfield>
  </datafield>
  <datafield tag="504" ind1=" " ind2=" ">
    <subfield code="a">Includes bibliographical references (pages 179-212) and indexes.</subfield>
  </datafield>
  <datafield tag="505" ind1="0" ind2=" ">
    <subfield code="a">Eastern Orthodox, patristic, Protestant, and historical-critical perspectives on marital indissolubility -- Marital indissolubility from Trent through Pope Benedict XVI -- Pope Francis&apos; Amoris laetitia and marital indissolubility -- Theological ressourcement: Aquinas on marital indissolubility.</subfield>
  </datafield>
  <datafield tag="520" ind1="8" ind2=" ">
    <subfield code="a">This book dives a thorough presentation of  the Christian teaching on marital indissolubility in order to consider the various interpretations of Pope Francis&apos; Amoris laetitia. The author argues that Amoris laetitia upholds the traditional Catholic teaching that a valid and consummated Christian marriage is indissoluble, in accord with the teachings of Jesus and the Apostle Paul, as solemnly and authoritatively taught by the Council of Trent and affirmed by later popes and the Second Vatican Council. He demonstrates why implementations of the document shoudl not undermine this doctrine. --Book cover.</subfield>
  </datafield>
  <datafield tag="650" ind1=" " ind2="0">
    <subfield code="a">Marriage</subfield>
    <subfield code="x">Religious aspects</subfield>
    <subfield code="x">Catholic Church.</subfield>
  </datafield>
  <datafield tag="650" ind1=" " ind2="0">
    <subfield code="a">Divorce</subfield>
    <subfield code="x">Religious aspects</subfield>
    <subfield code="x">Catholic Church.</subfield>
  </datafield>
  <datafield tag="610" ind1="2" ind2="0">
    <subfield code="a">Catholic Church.</subfield>
    <subfield code="b">Pope (2013- : Francis).</subfield>
    <subfield code="t">Amoris laetitia.</subfield>
  </datafield>
  <datafield tag="610" ind1="2" ind2="0">
    <subfield code="a">Catholic Church</subfield>
    <subfield code="x">Doctrines.</subfield>
  </datafield>
  <datafield tag="610" ind1="2" ind2="7">
    <subfield code="a">Catholic Church.</subfield>
    <subfield code="2">fast</subfield>
    <subfield code="0">(OCoLC)fst00531720</subfield>
  </datafield>
  <datafield tag="650" ind1=" " ind2="7">
    <subfield code="a">Divorce</subfield>
    <subfield code="x">Religious aspects</subfield>
    <subfield code="x">Catholic Church.</subfield>
    <subfield code="2">fast</subfield>
    <subfield code="0">(OCoLC)fst00895837</subfield>
  </datafield>
  <datafield tag="650" ind1=" " ind2="7">
    <subfield code="a">Marriage</subfield>
    <subfield code="x">Religious aspects</subfield>
    <subfield code="x">Catholic Church.</subfield>
    <subfield code="2">fast</subfield>
    <subfield code="0">(OCoLC)fst01010493</subfield>
  </datafield>
  <datafield tag="650" ind1=" " ind2="7">
    <subfield code="a">Theology, Doctrinal.</subfield>
    <subfield code="2">fast</subfield>
    <subfield code="0">(OCoLC)fst01149617</subfield>
  </datafield>
</record>