
<record>
  <leader>01438cjm a2200301 a 4500</leader>
  <controlfield tag="001">20678049</controlfield>
  <controlfield tag="005">20200103123421.0</controlfield>
  <controlfield tag="007">sd fsngnnmmned</controlfield>
  <controlfield tag="008">180921s1997    po ppn|  d        | por  </controlfield>
  <datafield tag="906" ind1=" " ind2=" ">
    <subfield code="a">7</subfield>
    <subfield code="b">cbc</subfield>
    <subfield code="c">orignew</subfield>
    <subfield code="d">2</subfield>
    <subfield code="e">ncip</subfield>
    <subfield code="f">20</subfield>
    <subfield code="g">y-soundrec</subfield>
  </datafield>
  <datafield tag="925" ind1="0" ind2=" ">
    <subfield code="a">acquire</subfield>
    <subfield code="b">2 shelf copies</subfield>
    <subfield code="x">policy default</subfield>
  </datafield>
  <datafield tag="955" ind1=" " ind2=" ">
    <subfield code="a">qr19 2018-09-21</subfield>
  </datafield>
  <datafield tag="010" ind1=" " ind2=" ">
    <subfield code="a">  2018628005</subfield>
  </datafield>
  <datafield tag="024" ind1="1" ind2=" ">
    <subfield code="a">724382387022</subfield>
  </datafield>
  <datafield tag="028" ind1="0" ind2="2">
    <subfield code="a">7243 8 23870 2 2</subfield>
    <subfield code="b">EMI</subfield>
  </datafield>
  <datafield tag="040" ind1=" " ind2=" ">
    <subfield code="a">DLC</subfield>
    <subfield code="c">DLC</subfield>
  </datafield>
  <datafield tag="043" ind1=" " ind2=" ">
    <subfield code="a">e-po---</subfield>
  </datafield>
  <datafield tag="050" ind1="0" ind2="0">
    <subfield code="a">SDD 06442</subfield>
  </datafield>
  <datafield tag="100" ind1="1" ind2=" ">
    <subfield code="a">Branco, José Mário,</subfield>
    <subfield code="d">1942-2019.</subfield>
    <subfield code="4">prf</subfield>
  </datafield>
  <datafield tag="245" ind1="1" ind2="0">
    <subfield code="a">Ao vivo em 1997 /</subfield>
    <subfield code="c">José Mario Branco.</subfield>
  </datafield>
  <datafield tag="260" ind1=" " ind2=" ">
    <subfield code="a">[Portugal] :</subfield>
    <subfield code="b">EMI,</subfield>
    <subfield code="c">p1997.</subfield>
  </datafield>
  <datafield tag="300" ind1=" " ind2=" ">
    <subfield code="a">2 audio discs :</subfield>
    <subfield code="b">digital ;</subfield>
    <subfield code="c">4 3/4 in.</subfield>
  </datafield>
  <datafield tag="546" ind1=" " ind2=" ">
    <subfield code="a">Sung in Portuguese.</subfield>
  </datafield>
  <datafield tag="511" ind1="0" ind2=" ">
    <subfield code="a">José Mario Branco.</subfield>
  </datafield>
  <datafield tag="500" ind1=" " ind2=" ">
    <subfield code="a">Compact discs.</subfield>
  </datafield>
  <datafield tag="500" ind1=" " ind2=" ">
    <subfield code="a">Lyrics in Portuguese on insert.</subfield>
  </datafield>
  <datafield tag="505" ind1="0" ind2=" ">
    <subfield code="a">1st parte. Eh companheiro -- Uma vez que já tudo se perdeu -- Inquietação -- Cantiga de trabalho -- Engrenagem -- Elogio da corporação -- Remendos e côdeas -- Moncorvo torre e gente -- Shalom Palestina -- Arrocachula -- Margem de certa maneira -- Ser solidário -- 2nd parte. 1900 -- De pé -- Menina dos meus olhos -- Teu nome Lisboa -- Capotes pretos, capotes brancos -- Terra quente -- As canseiras desta vida -- Emigrantes da quarta dimensão -- Queixa das almas jovens censuradas -- A noite -- Cantiga de alevantar.</subfield>
  </datafield>
  <datafield tag="650" ind1=" " ind2="0">
    <subfield code="a">Popular music</subfield>
    <subfield code="z">Portugal</subfield>
    <subfield code="y">1991-2000.</subfield>
  </datafield>
</record>