
<record>
  <leader>03339cam a22004818i 4500</leader>
  <controlfield tag="001">20691718</controlfield>
  <controlfield tag="005">20200103102024.0</controlfield>
  <controlfield tag="008">180912s2018    mdu      b    001 0 eng c</controlfield>
  <datafield tag="906" ind1=" " ind2=" ">
    <subfield code="a">0</subfield>
    <subfield code="b">ibc</subfield>
    <subfield code="c">orignew</subfield>
    <subfield code="d">1</subfield>
    <subfield code="e">ecip</subfield>
    <subfield code="f">20</subfield>
    <subfield code="g">y-gencatlg</subfield>
  </datafield>
  <datafield tag="925" ind1="0" ind2=" ">
    <subfield code="a">acquire</subfield>
    <subfield code="b">1 shelf copy</subfield>
    <subfield code="x">policy default</subfield>
  </datafield>
  <datafield tag="955" ind1=" " ind2=" ">
    <subfield code="a">LBSOR ;</subfield>
    <subfield code="d">xk13 2018-12-12 to PSD (CLED);</subfield>
    <subfield code="e">td14 2020-01-03 revised subject headings; class proposal approved; to Dewey</subfield>
  </datafield>
  <datafield tag="010" ind1=" " ind2=" ">
    <subfield code="a">  2018041215</subfield>
  </datafield>
  <datafield tag="020" ind1=" " ind2=" ">
    <subfield code="a">9781498562690</subfield>
    <subfield code="q">(cloth :</subfield>
    <subfield code="q">alk. paper)</subfield>
  </datafield>
  <datafield tag="020" ind1=" " ind2=" ">
    <subfield code="a">9781498562706</subfield>
    <subfield code="q">(ebook)</subfield>
  </datafield>
  <datafield tag="040" ind1=" " ind2=" ">
    <subfield code="a">LBSOR/DLC</subfield>
    <subfield code="b">eng</subfield>
    <subfield code="e">rda</subfield>
    <subfield code="c">LBSOR</subfield>
  </datafield>
  <datafield tag="042" ind1=" " ind2=" ">
    <subfield code="a">pcc</subfield>
  </datafield>
  <datafield tag="043" ind1=" " ind2=" ">
    <subfield code="a">n-us---</subfield>
    <subfield code="a">e-uk---</subfield>
  </datafield>
  <datafield tag="050" ind1="0" ind2="0">
    <subfield code="a">PS374.O25</subfield>
    <subfield code="b">P67 2018</subfield>
  </datafield>
  <datafield tag="245" ind1="0" ind2="0">
    <subfield code="a">Portable prose :</subfield>
    <subfield code="b">the novel and the everyday /</subfield>
    <subfield code="c">edited by Jarrad Cogle, N. Cyril Fischer, Lydia Saleh Rofail, and Vanessa Smith.</subfield>
  </datafield>
  <datafield tag="263" ind1=" " ind2=" ">
    <subfield code="a">1811</subfield>
  </datafield>
  <datafield tag="264" ind1=" " ind2="1">
    <subfield code="a">Lanham :</subfield>
    <subfield code="b">Lexington Books,</subfield>
    <subfield code="c">[2018]</subfield>
  </datafield>
  <datafield tag="300" ind1=" " ind2=" ">
    <subfield code="a">pages cm</subfield>
  </datafield>
  <datafield tag="336" ind1=" " ind2=" ">
    <subfield code="a">text</subfield>
    <subfield code="b">txt</subfield>
    <subfield code="2">rdacontent</subfield>
  </datafield>
  <datafield tag="337" ind1=" " ind2=" ">
    <subfield code="a">unmediated</subfield>
    <subfield code="b">n</subfield>
    <subfield code="2">rdamedia</subfield>
  </datafield>
  <datafield tag="338" ind1=" " ind2=" ">
    <subfield code="a">volume</subfield>
    <subfield code="b">nc</subfield>
    <subfield code="2">rdacarrier</subfield>
  </datafield>
  <datafield tag="520" ind1=" " ind2=" ">
    <subfield code="a">&quot;Portable Prose: The Novel and the Everyday explores issues related to objecthood, the everyday, and portability within the novel. The scope of this wide-ranging collection includes nineteenth and twentieth-century fiction, contemporary postmodern literature and science fiction, as well as broader theories of the novel and the nature of reading&quot;--</subfield>
    <subfield code="c">Provided by publisher.</subfield>
  </datafield>
  <datafield tag="504" ind1=" " ind2=" ">
    <subfield code="a">Includes bibliographical references and index.</subfield>
  </datafield>
  <datafield tag="505" ind1="0" ind2=" ">
    <subfield code="a">Introduction: pursuing the portable / Jarrad Cogle, Niklas Fischer, and Lydia Saleh Rofail -- Portable vision, form, and objects in Henry James / Zachary Tavlin and Bob Hodges -- Fredric Jameson and affect theory: realism and everyday experience / Jarrad Cogle -- Novel readings: mind- and emotion-reading devices in the mid-twentieth century and in Philip K. Dick&apos;s The three stigmata of Palmer Eldritch / Chris Rudge -- Filth and the everyday / Hisup Shin -- The prosaic and the phantasmagoric: urban bodies in Peter Carey&apos;s The tax inspector / Lydia Saleh Rofail -- &quot;I had made it myself&quot;: convergence of past and present selves in Villette / Jennifer Wilson -- Domesticating Charlotte Corday: Helen Craik&apos;s Adelaide De Narbonne and private vengeance / Stephanie Russo -- Thomas Wolfe and the domestication of culture / Jedidiah Evans -- Missing books / Nicola Evans -- Afterword: portability now: between thing theory and object-oriented ontology / John Plotz.</subfield>
  </datafield>
  <datafield tag="650" ind1=" " ind2="0">
    <subfield code="a">Object (Philosophy) in literature.</subfield>
  </datafield>
  <datafield tag="650" ind1=" " ind2="0">
    <subfield code="a">American fiction</subfield>
    <subfield code="y">19th century</subfield>
    <subfield code="x">History and criticism.</subfield>
  </datafield>
  <datafield tag="650" ind1=" " ind2="0">
    <subfield code="a">American fiction</subfield>
    <subfield code="y">20th century</subfield>
    <subfield code="x">History and criticism.</subfield>
  </datafield>
  <datafield tag="650" ind1=" " ind2="0">
    <subfield code="a">English fiction</subfield>
    <subfield code="y">19th century</subfield>
    <subfield code="x">History and criticism.</subfield>
  </datafield>
  <datafield tag="650" ind1=" " ind2="0">
    <subfield code="a">English fiction</subfield>
    <subfield code="y">20th century</subfield>
    <subfield code="x">History and criticism.</subfield>
  </datafield>
  <datafield tag="650" ind1=" " ind2="0">
    <subfield code="a">Material culture in literature.</subfield>
  </datafield>
  <datafield tag="650" ind1=" " ind2="0">
    <subfield code="a">Property in literature.</subfield>
  </datafield>
  <datafield tag="650" ind1=" " ind2="0">
    <subfield code="a">Books and reading.</subfield>
  </datafield>
  <datafield tag="700" ind1="1" ind2=" ">
    <subfield code="a">Cogle, Jarrad,</subfield>
    <subfield code="e">editor.</subfield>
  </datafield>
  <datafield tag="700" ind1="1" ind2=" ">
    <subfield code="a">Fischer, N.</subfield>
    <subfield code="q">(N. Cyril),</subfield>
    <subfield code="e">editor.</subfield>
  </datafield>
  <datafield tag="700" ind1="1" ind2=" ">
    <subfield code="a">Rofail, Lydia Saleh,</subfield>
    <subfield code="e">editor.</subfield>
  </datafield>
  <datafield tag="700" ind1="1" ind2=" ">
    <subfield code="a">Smith, Vanessa</subfield>
    <subfield code="q">(Vanessa Jane),</subfield>
    <subfield code="e">editor.</subfield>
  </datafield>
  <datafield tag="776" ind1="0" ind2="8">
    <subfield code="i">Online version:</subfield>
    <subfield code="t">Portable prose.</subfield>
    <subfield code="d">Lanham : Lexington Books, [2018]</subfield>
    <subfield code="z">9781498562706</subfield>
    <subfield code="w">(DLC)  2019981018</subfield>
  </datafield>
  <datafield tag="963" ind1=" " ind2=" ">
    <subfield code="a">Paula Williamson; phone: 301-459-3366x5415; email: pwilliamson@rowman.com; bc: eeastridge@rowman.com</subfield>
  </datafield>
  <datafield tag="985" ind1=" " ind2=" ">
    <subfield code="a">LBSORCIP</subfield>
    <subfield code="d">2018-10-01</subfield>
  </datafield>
</record>