
<record>
  <leader>02482cam a22005537i 4500</leader>
  <controlfield tag="001">20692262</controlfield>
  <controlfield tag="005">20200103142148.0</controlfield>
  <controlfield tag="008">181001t20192019nyua   e      001 0 eng d</controlfield>
  <datafield tag="906" ind1=" " ind2=" ">
    <subfield code="a">7</subfield>
    <subfield code="b">cbc</subfield>
    <subfield code="c">copycat</subfield>
    <subfield code="d">2</subfield>
    <subfield code="e">ncip</subfield>
    <subfield code="f">20</subfield>
    <subfield code="g">y-gencatlg</subfield>
  </datafield>
  <datafield tag="925" ind1="0" ind2=" ">
    <subfield code="a">acquire</subfield>
    <subfield code="b">1 shelf copy</subfield>
    <subfield code="x">policy default</subfield>
  </datafield>
  <datafield tag="955" ind1=" " ind2=" ">
    <subfield code="b">rk01 2019-06-12 z-processor</subfield>
    <subfield code="i">rk01 2019-06-12 to scar</subfield>
  </datafield>
  <datafield tag="955" ind1=" " ind2=" ">
    <subfield code="a">pc30 2018-10-01</subfield>
  </datafield>
  <datafield tag="010" ind1=" " ind2=" ">
    <subfield code="a">  2018959912</subfield>
  </datafield>
  <datafield tag="015" ind1=" " ind2=" ">
    <subfield code="a">GBB992928</subfield>
    <subfield code="2">bnb</subfield>
  </datafield>
  <datafield tag="016" ind1="7" ind2=" ">
    <subfield code="a">019411505</subfield>
    <subfield code="2">Uk</subfield>
  </datafield>
  <datafield tag="020" ind1=" " ind2=" ">
    <subfield code="a">9780316420570</subfield>
    <subfield code="q">(hardcover)</subfield>
  </datafield>
  <datafield tag="020" ind1=" " ind2=" ">
    <subfield code="a">0316420573</subfield>
    <subfield code="q">(hardcover)</subfield>
  </datafield>
  <datafield tag="035" ind1=" " ind2=" ">
    <subfield code="a">(OCoLC)on1091712866</subfield>
  </datafield>
  <datafield tag="040" ind1=" " ind2=" ">
    <subfield code="a">HQD</subfield>
    <subfield code="b">eng</subfield>
    <subfield code="c">HQD</subfield>
    <subfield code="e">rda</subfield>
    <subfield code="d">GO6</subfield>
    <subfield code="d">HQD</subfield>
    <subfield code="d">OCLCO</subfield>
    <subfield code="d">BDX</subfield>
    <subfield code="d">FEM</subfield>
    <subfield code="d">OCLCO</subfield>
    <subfield code="d">ILC</subfield>
    <subfield code="d">CLE</subfield>
    <subfield code="d">IDLEW</subfield>
    <subfield code="d">OCLCO</subfield>
    <subfield code="d">TOH</subfield>
    <subfield code="d">OCLCO</subfield>
    <subfield code="d">PX0</subfield>
    <subfield code="d">OCLCO</subfield>
    <subfield code="d">IUK</subfield>
    <subfield code="d">OCLCF</subfield>
    <subfield code="d">B@L</subfield>
    <subfield code="d">OCLCO</subfield>
    <subfield code="d">VP@</subfield>
    <subfield code="d">K#T</subfield>
    <subfield code="d">OCLCO</subfield>
    <subfield code="d">LEB</subfield>
    <subfield code="d">UKMGB</subfield>
    <subfield code="d">OCLCO</subfield>
    <subfield code="d">MLY</subfield>
    <subfield code="d">DLC</subfield>
  </datafield>
  <datafield tag="042" ind1=" " ind2=" ">
    <subfield code="a">lccopycat</subfield>
  </datafield>
  <datafield tag="050" ind1="0" ind2="0">
    <subfield code="a">TX773</subfield>
    <subfield code="b">.H346 2019</subfield>
  </datafield>
  <datafield tag="082" ind1="0" ind2="4">
    <subfield code="a">641.81/5</subfield>
    <subfield code="2">23</subfield>
  </datafield>
  <datafield tag="100" ind1="1" ind2=" ">
    <subfield code="a">Heatter, Maida,</subfield>
    <subfield code="e">author.</subfield>
  </datafield>
  <datafield tag="245" ind1="1" ind2="0">
    <subfield code="a">Happiness is baking :</subfield>
    <subfield code="b">cakes, pies, tarts, muffins, brownies, cookies : favorite desserts from the queen of cake /</subfield>
    <subfield code="c">Maida Heatter ; foreword by Dorie Greenspan ; illustrations by Alice Oehr.</subfield>
  </datafield>
  <datafield tag="250" ind1=" " ind2=" ">
    <subfield code="a">First edition.</subfield>
  </datafield>
  <datafield tag="264" ind1=" " ind2="1">
    <subfield code="a">New York :</subfield>
    <subfield code="b">Little, Brown and Company,</subfield>
    <subfield code="c">[2019]</subfield>
  </datafield>
  <datafield tag="264" ind1=" " ind2="4">
    <subfield code="c">©2019</subfield>
  </datafield>
  <datafield tag="300" ind1=" " ind2=" ">
    <subfield code="a">287 pages :</subfield>
    <subfield code="b">color illustrations ;</subfield>
    <subfield code="c">24 cm</subfield>
  </datafield>
  <datafield tag="336" ind1=" " ind2=" ">
    <subfield code="a">text</subfield>
    <subfield code="b">txt</subfield>
    <subfield code="2">rdacontent</subfield>
  </datafield>
  <datafield tag="337" ind1=" " ind2=" ">
    <subfield code="a">unmediated</subfield>
    <subfield code="b">n</subfield>
    <subfield code="2">rdamedia</subfield>
  </datafield>
  <datafield tag="338" ind1=" " ind2=" ">
    <subfield code="a">volume</subfield>
    <subfield code="b">nc</subfield>
    <subfield code="2">rdacarrier</subfield>
  </datafield>
  <datafield tag="500" ind1=" " ind2=" ">
    <subfield code="a">Includes index.</subfield>
  </datafield>
  <datafield tag="505" ind1="0" ind2=" ">
    <subfield code="a">Foreword / by Dorie Greenspan -- Everyday cakes -- Special occasion cakes -- Cookies -- Pies, tarts, brownies, bars, and more.</subfield>
  </datafield>
  <datafield tag="520" ind1=" " ind2=" ">
    <subfield code="a">Heatter has collected recipes for some of her classic, foolproof desserts, ranging from the comforting and everyday to the extravagantly special. She believes that happiness is baking: making, eating, talking about, reading and writing about baked goods-- and especially in sharing them. -- adapted from jacket and perusal of book</subfield>
  </datafield>
  <datafield tag="650" ind1=" " ind2="0">
    <subfield code="a">Cake.</subfield>
  </datafield>
  <datafield tag="650" ind1=" " ind2="0">
    <subfield code="a">Pies.</subfield>
  </datafield>
  <datafield tag="650" ind1=" " ind2="0">
    <subfield code="a">Cookies.</subfield>
  </datafield>
  <datafield tag="650" ind1=" " ind2="0">
    <subfield code="a">Desserts.</subfield>
  </datafield>
  <datafield tag="650" ind1=" " ind2="0">
    <subfield code="a">Baking.</subfield>
  </datafield>
  <datafield tag="650" ind1=" " ind2="7">
    <subfield code="a">COOKING / Courses &amp; Dishes / Cakes.</subfield>
    <subfield code="2">bisacsh</subfield>
  </datafield>
  <datafield tag="650" ind1=" " ind2="7">
    <subfield code="a">Baking.</subfield>
    <subfield code="2">fast</subfield>
    <subfield code="0">(OCoLC)fst00825632</subfield>
  </datafield>
  <datafield tag="650" ind1=" " ind2="7">
    <subfield code="a">Cake.</subfield>
    <subfield code="2">fast</subfield>
    <subfield code="0">(OCoLC)fst00843972</subfield>
  </datafield>
  <datafield tag="650" ind1=" " ind2="7">
    <subfield code="a">Cookies.</subfield>
    <subfield code="2">fast</subfield>
    <subfield code="0">(OCoLC)fst00878046</subfield>
  </datafield>
  <datafield tag="650" ind1=" " ind2="7">
    <subfield code="a">Desserts.</subfield>
    <subfield code="2">fast</subfield>
    <subfield code="0">(OCoLC)fst00891422</subfield>
  </datafield>
  <datafield tag="650" ind1=" " ind2="7">
    <subfield code="a">Pies.</subfield>
    <subfield code="2">fast</subfield>
    <subfield code="0">(OCoLC)fst01063903</subfield>
  </datafield>
  <datafield tag="655" ind1=" " ind2="7">
    <subfield code="a">Cookbooks.</subfield>
    <subfield code="2">fast</subfield>
  </datafield>
  <datafield tag="655" ind1=" " ind2="7">
    <subfield code="a">Cookbooks.</subfield>
    <subfield code="2">lcgft</subfield>
  </datafield>
  <datafield tag="700" ind1="1" ind2=" ">
    <subfield code="a">Oehr, Alice,</subfield>
    <subfield code="e">illustrator.</subfield>
  </datafield>
  <datafield tag="700" ind1="1" ind2=" ">
    <subfield code="a">Greenspan, Dorie,</subfield>
    <subfield code="e">writer of foreword.</subfield>
  </datafield>
</record>