
<record>
  <leader>04901cjm a2200997 i 4500</leader>
  <controlfield tag="001">20694715</controlfield>
  <controlfield tag="005">20200103122643.0</controlfield>
  <controlfield tag="007">sd fsngnnmmned</controlfield>
  <controlfield tag="008">181003p20181964fr mun|  i        | ger d</controlfield>
  <datafield tag="906" ind1=" " ind2=" ">
    <subfield code="a">0</subfield>
    <subfield code="b">ibc</subfield>
    <subfield code="c">copycat</subfield>
    <subfield code="d">2</subfield>
    <subfield code="e">ncip</subfield>
    <subfield code="f">20</subfield>
    <subfield code="g">y-soundrec</subfield>
  </datafield>
  <datafield tag="925" ind1="0" ind2=" ">
    <subfield code="a">acquire</subfield>
    <subfield code="b">2 shelf copies</subfield>
    <subfield code="x">policy default</subfield>
  </datafield>
  <datafield tag="955" ind1=" " ind2=" ">
    <subfield code="a">qr06 2018-10-03 z-client</subfield>
    <subfield code="i">qr06 2018-10-03</subfield>
  </datafield>
  <datafield tag="010" ind1=" " ind2=" ">
    <subfield code="a">  2018628488</subfield>
  </datafield>
  <datafield tag="024" ind1="3" ind2=" ">
    <subfield code="a">3149028122527</subfield>
  </datafield>
  <datafield tag="028" ind1="0" ind2="2">
    <subfield code="a">PRD 250 400</subfield>
    <subfield code="b">Praga Digitals</subfield>
  </datafield>
  <datafield tag="028" ind1="0" ind2="0">
    <subfield code="a">250 400</subfield>
    <subfield code="b">Praga Digitals</subfield>
  </datafield>
  <datafield tag="033" ind1="0" ind2="0">
    <subfield code="a">196406--</subfield>
    <subfield code="b">6299</subfield>
    <subfield code="c">M8</subfield>
  </datafield>
  <datafield tag="033" ind1="0" ind2="0">
    <subfield code="a">196903--</subfield>
    <subfield code="b">6299</subfield>
    <subfield code="c">L3</subfield>
  </datafield>
  <datafield tag="035" ind1=" " ind2=" ">
    <subfield code="a">(OCoLC)on1030819770</subfield>
  </datafield>
  <datafield tag="040" ind1=" " ind2=" ">
    <subfield code="a">TDF</subfield>
    <subfield code="b">eng</subfield>
    <subfield code="e">rda</subfield>
    <subfield code="c">TDF</subfield>
    <subfield code="d">OCLCQ</subfield>
    <subfield code="d">NYP</subfield>
    <subfield code="d">OCLCF</subfield>
    <subfield code="d">DLC</subfield>
  </datafield>
  <datafield tag="041" ind1="0" ind2=" ">
    <subfield code="d">ger</subfield>
    <subfield code="d">ita</subfield>
    <subfield code="g">eng</subfield>
    <subfield code="g">fre</subfield>
  </datafield>
  <datafield tag="042" ind1=" " ind2=" ">
    <subfield code="a">lccopycat</subfield>
  </datafield>
  <datafield tag="047" ind1=" " ind2=" ">
    <subfield code="a">ct</subfield>
    <subfield code="a">sg</subfield>
  </datafield>
  <datafield tag="050" ind1="0" ind2="0">
    <subfield code="a">SDD 07266</subfield>
  </datafield>
  <datafield tag="100" ind1="1" ind2=" ">
    <subfield code="a">Mendelssohn-Bartholdy, Felix,</subfield>
    <subfield code="d">1809-1847,</subfield>
    <subfield code="e">composer.</subfield>
  </datafield>
  <datafield tag="240" ind1="1" ind2="0">
    <subfield code="a">Vocal music.</subfield>
    <subfield code="k">Selections</subfield>
  </datafield>
  <datafield tag="245" ind1="1" ind2="0">
    <subfield code="a">Night dreams /</subfield>
    <subfield code="c">Mendelssohn.</subfield>
  </datafield>
  <datafield tag="264" ind1=" " ind2="1">
    <subfield code="a">[France] :</subfield>
    <subfield code="b">Praga Digitals,</subfield>
    <subfield code="c">[2018]</subfield>
  </datafield>
  <datafield tag="264" ind1=" " ind2="4">
    <subfield code="c">℗2018</subfield>
  </datafield>
  <datafield tag="300" ind1=" " ind2=" ">
    <subfield code="a">1 audio disc (79:55) :</subfield>
    <subfield code="b">digital, CD audio, stereo ;</subfield>
    <subfield code="c">4 3/4 in.</subfield>
  </datafield>
  <datafield tag="306" ind1=" " ind2=" ">
    <subfield code="a">004101</subfield>
    <subfield code="a">003021</subfield>
    <subfield code="a">000838</subfield>
  </datafield>
  <datafield tag="336" ind1=" " ind2=" ">
    <subfield code="a">performed music</subfield>
    <subfield code="b">prm</subfield>
    <subfield code="2">rdacontent</subfield>
  </datafield>
  <datafield tag="337" ind1=" " ind2=" ">
    <subfield code="a">audio</subfield>
    <subfield code="b">s</subfield>
    <subfield code="2">rdamedia</subfield>
  </datafield>
  <datafield tag="338" ind1=" " ind2=" ">
    <subfield code="a">audio disc</subfield>
    <subfield code="b">sd</subfield>
    <subfield code="2">rdacarrier</subfield>
  </datafield>
  <datafield tag="340" ind1=" " ind2=" ">
    <subfield code="a">plastic</subfield>
    <subfield code="a">metal</subfield>
    <subfield code="b">4 3/4 in.</subfield>
  </datafield>
  <datafield tag="344" ind1=" " ind2=" ">
    <subfield code="a">digital</subfield>
    <subfield code="b">optical</subfield>
    <subfield code="g">stereo</subfield>
    <subfield code="2">rda</subfield>
  </datafield>
  <datafield tag="344" ind1=" " ind2=" ">
    <subfield code="c">1.4 m/s</subfield>
  </datafield>
  <datafield tag="347" ind1=" " ind2=" ">
    <subfield code="a">audio file</subfield>
    <subfield code="2">rda</subfield>
  </datafield>
  <datafield tag="347" ind1=" " ind2=" ">
    <subfield code="b">CD audio</subfield>
  </datafield>
  <datafield tag="382" ind1="0" ind2="1">
    <subfield code="b">soprano voice</subfield>
    <subfield code="n">1</subfield>
    <subfield code="b">alto voice</subfield>
    <subfield code="n">1</subfield>
    <subfield code="a">mixed chorus</subfield>
    <subfield code="n">1</subfield>
    <subfield code="a">orchestra</subfield>
    <subfield code="n">1</subfield>
    <subfield code="2">lcmpt</subfield>
  </datafield>
  <datafield tag="382" ind1="0" ind2="1">
    <subfield code="b">alto voice</subfield>
    <subfield code="n">1</subfield>
    <subfield code="b">tenor voice</subfield>
    <subfield code="n">1</subfield>
    <subfield code="b">baritone voice</subfield>
    <subfield code="n">1</subfield>
    <subfield code="b">bass voice</subfield>
    <subfield code="n">1</subfield>
    <subfield code="a">mixed chorus</subfield>
    <subfield code="n">1</subfield>
    <subfield code="a">orchestra</subfield>
    <subfield code="n">1</subfield>
    <subfield code="2">lcmpt</subfield>
  </datafield>
  <datafield tag="382" ind1="0" ind2="1">
    <subfield code="b">soprano voice</subfield>
    <subfield code="n">1</subfield>
    <subfield code="a">orchestra</subfield>
    <subfield code="n">1</subfield>
    <subfield code="2">lcmpt</subfield>
  </datafield>
  <datafield tag="546" ind1=" " ind2=" ">
    <subfield code="a">Sung in German and Italian.</subfield>
  </datafield>
  <datafield tag="500" ind1=" " ind2=" ">
    <subfield code="a">Title from disc label.</subfield>
  </datafield>
  <datafield tag="500" ind1=" " ind2=" ">
    <subfield code="a">&quot;Genuine stereo lab.&quot;</subfield>
  </datafield>
  <datafield tag="511" ind1="0" ind2=" ">
    <subfield code="a">In the 1st work: Edith Mathis, soprano ; Ursula Boese, alto ; Chor und Orchester des Bayerischen Rundfunks ; Rafael Kubelík, conductor. In the 2nd work: Annelies Burmeister, alto ; Eberhard Büchner, tenor ; Siegfried Lorenz, baritone ; Siegfried Vogel, bass ; Rundfunkchor Leipzig ; Gewandhausorchester Leipzig ; Kurt Masur, conductor. In the 3rd work: Edda Moser, soprano ; Gewandhausorchester Leipzig ; Kurt Masur, conductor.</subfield>
  </datafield>
  <datafield tag="518" ind1=" " ind2=" ">
    <subfield code="3">1st work</subfield>
    <subfield code="o">recorded</subfield>
    <subfield code="d">June 1964</subfield>
    <subfield code="p">Munich.</subfield>
  </datafield>
  <datafield tag="518" ind1=" " ind2=" ">
    <subfield code="3">2nd-3rd works</subfield>
    <subfield code="o">recorded</subfield>
    <subfield code="d">March 1969</subfield>
    <subfield code="p">Radio Leipzig, Gewandhaus.</subfield>
  </datafield>
  <datafield tag="500" ind1=" " ind2=" ">
    <subfield code="a">Program notes in English and French (7 pages : illustration) inserted in container.</subfield>
  </datafield>
  <datafield tag="505" ind1="0" ind2=" ">
    <subfield code="a">A midsummer night&apos;s dream : incidental music to Shakespeare&apos;s play (1831) : op. 21, 61 (40:49) -- Die erste Walpurgisnacht : op. 60, für Soli, Chor und Orchester / text: Johann Wolfgang von Goethe (30:26) -- Infelice! Ah ritorna, età felice : concerto aria for soprano and orchestra, op. 94 (8:38).</subfield>
  </datafield>
  <datafield tag="600" ind1="1" ind2="0">
    <subfield code="a">Goethe, Johann Wolfgang von,</subfield>
    <subfield code="d">1749-1832</subfield>
    <subfield code="v">Musical settings.</subfield>
  </datafield>
  <datafield tag="600" ind1="1" ind2="7">
    <subfield code="a">Goethe, Johann Wolfgang von,</subfield>
    <subfield code="d">1749-1832.</subfield>
    <subfield code="2">fast</subfield>
    <subfield code="0">(OCoLC)fst00029788</subfield>
  </datafield>
  <datafield tag="650" ind1=" " ind2="0">
    <subfield code="a">Incidental music.</subfield>
  </datafield>
  <datafield tag="650" ind1=" " ind2="0">
    <subfield code="a">Cantatas, Secular.</subfield>
  </datafield>
  <datafield tag="650" ind1=" " ind2="0">
    <subfield code="a">Choruses, Secular (Mixed voices) with orchestra.</subfield>
  </datafield>
  <datafield tag="650" ind1=" " ind2="0">
    <subfield code="a">Songs (High voice) with orchestra.</subfield>
  </datafield>
  <datafield tag="650" ind1=" " ind2="7">
    <subfield code="a">Cantatas, Secular.</subfield>
    <subfield code="2">fast</subfield>
    <subfield code="0">(OCoLC)fst00846101</subfield>
  </datafield>
  <datafield tag="650" ind1=" " ind2="7">
    <subfield code="a">Choruses, Secular (Mixed voices) with orchestra.</subfield>
    <subfield code="2">fast</subfield>
    <subfield code="0">(OCoLC)fst00858811</subfield>
  </datafield>
  <datafield tag="650" ind1=" " ind2="7">
    <subfield code="a">Incidental music.</subfield>
    <subfield code="2">fast</subfield>
    <subfield code="0">(OCoLC)fst00968568</subfield>
  </datafield>
  <datafield tag="650" ind1=" " ind2="7">
    <subfield code="a">Songs (High voice) with orchestra.</subfield>
    <subfield code="2">fast</subfield>
    <subfield code="0">(OCoLC)fst01126150</subfield>
  </datafield>
  <datafield tag="655" ind1=" " ind2="7">
    <subfield code="a">Incidental music.</subfield>
    <subfield code="2">lcgft</subfield>
  </datafield>
  <datafield tag="655" ind1=" " ind2="7">
    <subfield code="a">Cantatas.</subfield>
    <subfield code="2">lcgft</subfield>
  </datafield>
  <datafield tag="655" ind1=" " ind2="7">
    <subfield code="a">Musical settings.</subfield>
    <subfield code="2">lcgft</subfield>
  </datafield>
  <datafield tag="655" ind1=" " ind2="7">
    <subfield code="a">Songs.</subfield>
    <subfield code="2">lcgft</subfield>
  </datafield>
  <datafield tag="655" ind1=" " ind2="7">
    <subfield code="a">Cantatas.</subfield>
    <subfield code="2">fast</subfield>
    <subfield code="0">(OCoLC)fst01920044</subfield>
  </datafield>
  <datafield tag="655" ind1=" " ind2="7">
    <subfield code="a">Incidental music.</subfield>
    <subfield code="2">fast</subfield>
    <subfield code="0">(OCoLC)fst01692879</subfield>
  </datafield>
  <datafield tag="655" ind1=" " ind2="7">
    <subfield code="a">Musical settings.</subfield>
    <subfield code="2">fast</subfield>
    <subfield code="0">(OCoLC)fst01423813</subfield>
  </datafield>
  <datafield tag="655" ind1=" " ind2="7">
    <subfield code="a">Songs.</subfield>
    <subfield code="2">fast</subfield>
    <subfield code="0">(OCoLC)fst01726744</subfield>
  </datafield>
  <datafield tag="700" ind1="1" ind2=" ">
    <subfield code="a">Mathis, Edith,</subfield>
    <subfield code="e">singer.</subfield>
  </datafield>
  <datafield tag="700" ind1="1" ind2=" ">
    <subfield code="a">Boese, Ursula,</subfield>
    <subfield code="d">1928-2016,</subfield>
    <subfield code="e">singer.</subfield>
  </datafield>
  <datafield tag="700" ind1="1" ind2=" ">
    <subfield code="a">Kubelík, Rafael,</subfield>
    <subfield code="d">1914-1996,</subfield>
    <subfield code="e">conductor.</subfield>
  </datafield>
  <datafield tag="700" ind1="1" ind2=" ">
    <subfield code="a">Burmeister, Annelies,</subfield>
    <subfield code="e">singer.</subfield>
  </datafield>
  <datafield tag="700" ind1="1" ind2=" ">
    <subfield code="a">Büchner, Eberhard,</subfield>
    <subfield code="e">singer.</subfield>
  </datafield>
  <datafield tag="700" ind1="1" ind2=" ">
    <subfield code="a">Lorenz, Siegfried,</subfield>
    <subfield code="d">1945-</subfield>
    <subfield code="e">singer.</subfield>
  </datafield>
  <datafield tag="700" ind1="1" ind2=" ">
    <subfield code="a">Vogel, Siegfried,</subfield>
    <subfield code="e">singer.</subfield>
  </datafield>
  <datafield tag="700" ind1="1" ind2=" ">
    <subfield code="a">Masur, Kurt,</subfield>
    <subfield code="e">conductor.</subfield>
  </datafield>
  <datafield tag="700" ind1="1" ind2=" ">
    <subfield code="a">Moser, Edda,</subfield>
    <subfield code="e">singer.</subfield>
  </datafield>
  <datafield tag="700" ind1="1" ind2=" ">
    <subfield code="a">Goethe, Johann Wolfgang von,</subfield>
    <subfield code="d">1749-1832,</subfield>
    <subfield code="e">author.</subfield>
  </datafield>
  <datafield tag="700" ind1="1" ind2=" ">
    <subfield code="3">1st work</subfield>
    <subfield code="i">Incidental music for (work):</subfield>
    <subfield code="a">Shakespeare, William,</subfield>
    <subfield code="d">1564-1616.</subfield>
    <subfield code="t">Midsummer night&apos;s dream.</subfield>
  </datafield>
  <datafield tag="700" ind1="1" ind2="2">
    <subfield code="i">Container of (work):</subfield>
    <subfield code="a">Mendelssohn-Bartholdy, Felix,</subfield>
    <subfield code="d">1809-1847.</subfield>
    <subfield code="t">Sommernachtstraum.</subfield>
  </datafield>
  <datafield tag="700" ind1="1" ind2="2">
    <subfield code="i">Container of (work):</subfield>
    <subfield code="a">Mendelssohn-Bartholdy, Felix,</subfield>
    <subfield code="d">1809-1847.</subfield>
    <subfield code="t">Erste Walpurgisnacht.</subfield>
  </datafield>
  <datafield tag="700" ind1="1" ind2="2">
    <subfield code="i">Container of (work):</subfield>
    <subfield code="a">Mendelssohn-Bartholdy, Felix,</subfield>
    <subfield code="d">1809-1847.</subfield>
    <subfield code="t">Infelice</subfield>
    <subfield code="n">(1843)</subfield>
  </datafield>
  <datafield tag="710" ind1="2" ind2=" ">
    <subfield code="a">Bayerischer Rundfunk.</subfield>
    <subfield code="b">Chor,</subfield>
    <subfield code="e">singer.</subfield>
  </datafield>
  <datafield tag="710" ind1="2" ind2=" ">
    <subfield code="a">Bayerischer Rundfunk.</subfield>
    <subfield code="b">Orchester,</subfield>
    <subfield code="e">instrumentalist.</subfield>
  </datafield>
  <datafield tag="710" ind1="2" ind2=" ">
    <subfield code="a">Rundfunkchor Leipzig,</subfield>
    <subfield code="e">singer.</subfield>
  </datafield>
  <datafield tag="710" ind1="2" ind2=" ">
    <subfield code="a">Gewandhausorchester Leipzig,</subfield>
    <subfield code="e">instrumentalist.</subfield>
  </datafield>
</record>