
<record>
  <leader>03775cam a2200421 i 4500</leader>
  <controlfield tag="001">20699969</controlfield>
  <controlfield tag="005">20200103100336.0</controlfield>
  <controlfield tag="008">181009s2019    nyu      b    001 0 eng  </controlfield>
  <datafield tag="906" ind1=" " ind2=" ">
    <subfield code="a">7</subfield>
    <subfield code="b">cbc</subfield>
    <subfield code="c">orignew</subfield>
    <subfield code="d">1</subfield>
    <subfield code="e">ecip</subfield>
    <subfield code="f">20</subfield>
    <subfield code="g">y-gencatlg</subfield>
  </datafield>
  <datafield tag="925" ind1="0" ind2=" ">
    <subfield code="a">acquire</subfield>
    <subfield code="b">1 shelf copy</subfield>
    <subfield code="x">policy default</subfield>
  </datafield>
  <datafield tag="955" ind1=" " ind2=" ">
    <subfield code="b">rl11 2018-10-09</subfield>
    <subfield code="i">rl11 2018-10-09 ONIX to Dewey</subfield>
    <subfield code="w">xm08 2018-10-10</subfield>
    <subfield code="a">xn17 2019-07-24 1 copy rec&apos;d., to CIP ver.</subfield>
    <subfield code="a">rl00 2019-07-30 to SMA</subfield>
    <subfield code="a">rl46 2019-07-30</subfield>
    <subfield code="f">rl46 2019-08-23 (telework) to CALM</subfield>
  </datafield>
  <datafield tag="010" ind1=" " ind2=" ">
    <subfield code="a">  2018048189</subfield>
  </datafield>
  <datafield tag="020" ind1=" " ind2=" ">
    <subfield code="a">9780190916039</subfield>
    <subfield code="q">(hardcover)</subfield>
  </datafield>
  <datafield tag="020" ind1=" " ind2=" ">
    <subfield code="a">9780190916022</subfield>
    <subfield code="q">(paperback)</subfield>
  </datafield>
  <datafield tag="040" ind1=" " ind2=" ">
    <subfield code="a">DLC</subfield>
    <subfield code="b">eng</subfield>
    <subfield code="c">DLC</subfield>
    <subfield code="e">rda</subfield>
    <subfield code="d">DLC</subfield>
  </datafield>
  <datafield tag="042" ind1=" " ind2=" ">
    <subfield code="a">pcc</subfield>
  </datafield>
  <datafield tag="043" ind1=" " ind2=" ">
    <subfield code="a">n-us---</subfield>
  </datafield>
  <datafield tag="050" ind1="0" ind2="0">
    <subfield code="a">RC568.O45</subfield>
    <subfield code="b">O47 2019</subfield>
  </datafield>
  <datafield tag="082" ind1="0" ind2="0">
    <subfield code="a">362.290973</subfield>
    <subfield code="2">23</subfield>
  </datafield>
  <datafield tag="084" ind1=" " ind2=" ">
    <subfield code="a">SEL026000</subfield>
    <subfield code="a">MED078000</subfield>
    <subfield code="a">MED093000</subfield>
    <subfield code="2">bisacsh</subfield>
  </datafield>
  <datafield tag="100" ind1="1" ind2=" ">
    <subfield code="a">Olsen, Yngvild,</subfield>
    <subfield code="e">author.</subfield>
  </datafield>
  <datafield tag="245" ind1="1" ind2="4">
    <subfield code="a">The opioid epidemic :</subfield>
    <subfield code="b">what everyone needs to know /</subfield>
    <subfield code="c">Yngvild Olsen, Institutes for Behavior Resources, Inc., Joshua M. Sharfstein, Johns Hopkins Bloomberg School of  Public Health.</subfield>
  </datafield>
  <datafield tag="264" ind1=" " ind2="1">
    <subfield code="a">New York, NY :</subfield>
    <subfield code="b">Oxford University Press,</subfield>
    <subfield code="c">[2019]</subfield>
  </datafield>
  <datafield tag="300" ind1=" " ind2=" ">
    <subfield code="a">xix, 317 pages ;</subfield>
    <subfield code="c">22 cm.</subfield>
  </datafield>
  <datafield tag="336" ind1=" " ind2=" ">
    <subfield code="a">text</subfield>
    <subfield code="b">txt</subfield>
    <subfield code="2">rdacontent</subfield>
  </datafield>
  <datafield tag="337" ind1=" " ind2=" ">
    <subfield code="a">unmediated</subfield>
    <subfield code="b">n</subfield>
    <subfield code="2">rdamedia</subfield>
  </datafield>
  <datafield tag="338" ind1=" " ind2=" ">
    <subfield code="a">volume</subfield>
    <subfield code="b">nc</subfield>
    <subfield code="2">rdacarrier</subfield>
  </datafield>
  <datafield tag="490" ind1="0" ind2=" ">
    <subfield code="a">What everyone needs to know</subfield>
  </datafield>
  <datafield tag="520" ind1=" " ind2=" ">
    <subfield code="a">&quot;The opioid epidemic is responsible for the first sustained decline in U.S. life expectancy since the 1960s. In 2016, more than 50,000 Americans died from an opioid overdose -- to say nothing of the hundreds of thousands who live with some measure of opioid addiction every day.  The Opioid Epidemic: What Everyone Needs to Know® is an accessible, nonpartisan overview of the causes, politics, and treatments tied to the most devastating health crisis of our time. Its comprehensive approach and Q&amp;A format offer readers a practical path to understanding the epidemic from all sides: the basic science of opioids; the nature of addiction; the underlying reasons for the opioid epidemic; effective approaches to helping individuals, families, communities, and national policy; and common myths related to opioid addiction.  Written by two expert physicians and enriched with stories from their experiences the crosshairs of this epidemic, this book is a critical resource for any general reader -- and for the individuals and families fighting this fight in their own lives.  &quot;--</subfield>
    <subfield code="c">Provided by publisher.</subfield>
  </datafield>
  <datafield tag="520" ind1=" " ind2=" ">
    <subfield code="a">&quot;The opioid epidemic is responsible for the first sustained decline in U.S. life expectancy since the 1960s. In 2016 alone, about 50,000 Americans died from overdose related to opioids. The Opioid Epidemic: What You Need to Know will cover the basic science of opioids, the nature of addiction, reasons for the opioid epidemic, and effective approaches to helping individuals, families, communities, and national policy. This comprehensive approach will help readers make connections between the experience of individuals and families and critical policy questions. Throughout the text, we will address myths and other misunderstandings with clear and non-judgmental responses. The book will be fact-based, clearly written, and practical in orientation. It will include specific stories and cases from the authors&apos; experience. Our goal is for readers to feel informed and empowered&quot;--</subfield>
    <subfield code="c">Provided by publisher.</subfield>
  </datafield>
  <datafield tag="504" ind1=" " ind2=" ">
    <subfield code="a">Includes bibliographical references (pages [263]-303) and index.</subfield>
  </datafield>
  <datafield tag="650" ind1=" " ind2="0">
    <subfield code="a">Opioid abuse</subfield>
    <subfield code="z">United States.</subfield>
  </datafield>
  <datafield tag="650" ind1=" " ind2="0">
    <subfield code="a">Drug abuse</subfield>
    <subfield code="x">Treatment</subfield>
    <subfield code="z">United States.</subfield>
  </datafield>
  <datafield tag="650" ind1=" " ind2="0">
    <subfield code="a">Drug abuse</subfield>
    <subfield code="x">Prevention</subfield>
    <subfield code="z">United States.</subfield>
  </datafield>
  <datafield tag="650" ind1=" " ind2="7">
    <subfield code="a">SELF-HELP / Substance Abuse &amp; Addictions / General.</subfield>
    <subfield code="2">bisacsh</subfield>
  </datafield>
  <datafield tag="650" ind1=" " ind2="7">
    <subfield code="a">MEDICAL / Public Health.</subfield>
    <subfield code="2">bisacsh</subfield>
  </datafield>
  <datafield tag="650" ind1=" " ind2="7">
    <subfield code="a">MEDICAL / Pain Medicine.</subfield>
    <subfield code="2">bisacsh</subfield>
  </datafield>
  <datafield tag="700" ind1="1" ind2=" ">
    <subfield code="a">Sharfstein, Joshua M.,</subfield>
    <subfield code="e">author.</subfield>
  </datafield>
</record>