
<record>
  <leader>01861cam a2200397 i 4500</leader>
  <controlfield tag="001">20700744</controlfield>
  <controlfield tag="005">20200103095823.0</controlfield>
  <controlfield tag="008">181005s2019    txua     b    001 0 eng c</controlfield>
  <datafield tag="906" ind1=" " ind2=" ">
    <subfield code="a">7</subfield>
    <subfield code="b">cbc</subfield>
    <subfield code="c">orignew</subfield>
    <subfield code="d">1</subfield>
    <subfield code="e">ecip</subfield>
    <subfield code="f">20</subfield>
    <subfield code="g">y-gencatlg</subfield>
  </datafield>
  <datafield tag="925" ind1="0" ind2=" ">
    <subfield code="a">acquire</subfield>
    <subfield code="b">2 shelf copies</subfield>
    <subfield code="x">policy default (ex.)</subfield>
  </datafield>
  <datafield tag="955" ind1=" " ind2=" ">
    <subfield code="a">TXA</subfield>
    <subfield code="e">rf07 2018-10-12 (telework) to Dewey</subfield>
    <subfield code="w">xm09 2018-10-15</subfield>
    <subfield code="a">xn11 2019-01-29 1 copy rec&apos;d., to CIP ver.</subfield>
    <subfield code="f">rf10 2019-02-05 (telework) CIP ver. to CALM</subfield>
  </datafield>
  <datafield tag="010" ind1=" " ind2=" ">
    <subfield code="a">  2018047508</subfield>
  </datafield>
  <datafield tag="020" ind1=" " ind2=" ">
    <subfield code="a">9781623497491</subfield>
    <subfield code="q">(flex with flaps :</subfield>
    <subfield code="q">alk. paper)</subfield>
  </datafield>
  <datafield tag="035" ind1=" " ind2=" ">
    <subfield code="a">(TXA)5794015</subfield>
  </datafield>
  <datafield tag="040" ind1=" " ind2=" ">
    <subfield code="a">TXA/DLC</subfield>
    <subfield code="b">eng</subfield>
    <subfield code="c">TXA</subfield>
    <subfield code="e">rda</subfield>
    <subfield code="d">DLC</subfield>
  </datafield>
  <datafield tag="042" ind1=" " ind2=" ">
    <subfield code="a">pcc</subfield>
  </datafield>
  <datafield tag="043" ind1=" " ind2=" ">
    <subfield code="a">n-us-tx</subfield>
  </datafield>
  <datafield tag="050" ind1="0" ind2="0">
    <subfield code="a">E99.C832</subfield>
    <subfield code="b">B55 2019</subfield>
  </datafield>
  <datafield tag="082" ind1="0" ind2="0">
    <subfield code="a">976.4/287</subfield>
    <subfield code="2">23</subfield>
  </datafield>
  <datafield tag="100" ind1="1" ind2=" ">
    <subfield code="a">Black, Mary S.,</subfield>
    <subfield code="d">1946-</subfield>
    <subfield code="e">author.</subfield>
  </datafield>
  <datafield tag="245" ind1="1" ind2="0">
    <subfield code="a">Secrets in the dirt :</subfield>
    <subfield code="b">uncovering the ancient people of Gault /</subfield>
    <subfield code="c">Mary S. Black.</subfield>
  </datafield>
  <datafield tag="250" ind1=" " ind2=" ">
    <subfield code="a">First edition.</subfield>
  </datafield>
  <datafield tag="264" ind1=" " ind2="1">
    <subfield code="a">College Station :</subfield>
    <subfield code="b">Texas A&amp;M University Press,</subfield>
    <subfield code="c">[2019]</subfield>
  </datafield>
  <datafield tag="300" ind1=" " ind2=" ">
    <subfield code="a">viii, 120 pages :</subfield>
    <subfield code="b">illustrations ;</subfield>
    <subfield code="c">22 cm</subfield>
  </datafield>
  <datafield tag="336" ind1=" " ind2=" ">
    <subfield code="a">text</subfield>
    <subfield code="2">rdacontent</subfield>
  </datafield>
  <datafield tag="337" ind1=" " ind2=" ">
    <subfield code="a">unmediated</subfield>
    <subfield code="2">rdamedia</subfield>
  </datafield>
  <datafield tag="338" ind1=" " ind2=" ">
    <subfield code="a">volume</subfield>
    <subfield code="2">rdacarrier</subfield>
  </datafield>
  <datafield tag="504" ind1=" " ind2=" ">
    <subfield code="a">Includes bibliographical references (pages 115-117) and index.</subfield>
  </datafield>
  <datafield tag="505" ind1="0" ind2=" ">
    <subfield code="a">A note on spelling and writing -- Old as dirt -- What is Clovis? -- Evidence of Clovis life -- Gault since Clovis -- Something even older -- Problems, setbacks, and obstacles -- Conclusion.</subfield>
  </datafield>
  <datafield tag="651" ind1=" " ind2="0">
    <subfield code="a">Gault Site (Tex.)</subfield>
  </datafield>
  <datafield tag="650" ind1=" " ind2="0">
    <subfield code="a">Clovis culture</subfield>
    <subfield code="z">Texas</subfield>
    <subfield code="z">Bell County.</subfield>
  </datafield>
  <datafield tag="650" ind1=" " ind2="0">
    <subfield code="a">Antiquities, Prehistoric</subfield>
    <subfield code="z">Texas</subfield>
    <subfield code="z">Bell County.</subfield>
  </datafield>
  <datafield tag="650" ind1=" " ind2="0">
    <subfield code="a">Excavations (Archaeology)</subfield>
    <subfield code="z">Texas</subfield>
    <subfield code="z">Bell County.</subfield>
  </datafield>
  <datafield tag="651" ind1=" " ind2="0">
    <subfield code="a">Bell County (Tex.)</subfield>
    <subfield code="x">Antiquities.</subfield>
  </datafield>
  <datafield tag="776" ind1="0" ind2="8">
    <subfield code="i">Online version:</subfield>
    <subfield code="a">Black, Mary S., 1946- author.</subfield>
    <subfield code="t">Secrets in the dirt</subfield>
    <subfield code="b">First edition.</subfield>
    <subfield code="d">College Station : Texas A&amp;M University Press, [2019]</subfield>
    <subfield code="z">9781623497507</subfield>
    <subfield code="w">(DLC) 2018049737</subfield>
  </datafield>
  <datafield tag="985" ind1=" " ind2=" ">
    <subfield code="a">TXACIP</subfield>
    <subfield code="d">2018-10-10</subfield>
  </datafield>
</record>