
<record>
  <leader>03410cam a2200325 i 4500</leader>
  <controlfield tag="001">20701754</controlfield>
  <controlfield tag="005">20200103160914.0</controlfield>
  <controlfield tag="008">180903s2019    nyu      b    001 0 eng c</controlfield>
  <datafield tag="906" ind1=" " ind2=" ">
    <subfield code="a">7</subfield>
    <subfield code="b">cbc</subfield>
    <subfield code="c">orignew</subfield>
    <subfield code="d">1</subfield>
    <subfield code="e">ecip</subfield>
    <subfield code="f">20</subfield>
    <subfield code="g">y-gencatlg</subfield>
  </datafield>
  <datafield tag="925" ind1="0" ind2=" ">
    <subfield code="a">acquire</subfield>
    <subfield code="b">1 shelf copy</subfield>
    <subfield code="x">policy default</subfield>
  </datafield>
  <datafield tag="955" ind1=" " ind2=" ">
    <subfield code="a">LBSOR</subfield>
    <subfield code="d">rk02 2018-10-11 to Dewey (telework)</subfield>
    <subfield code="w">xm06 2018-10-13</subfield>
    <subfield code="a">xn11 2019-03-25 1 copy rec&apos;d., to CIP ver.</subfield>
    <subfield code="a">rk20 2019-09-30 book received in ART</subfield>
    <subfield code="f">rk24 2020-01-03 Telework to CALM</subfield>
  </datafield>
  <datafield tag="010" ind1=" " ind2=" ">
    <subfield code="a">  2018021637</subfield>
  </datafield>
  <datafield tag="020" ind1=" " ind2=" ">
    <subfield code="a">9780199965007</subfield>
    <subfield code="q">(hardcover ;</subfield>
    <subfield code="q">alk. paper)</subfield>
  </datafield>
  <datafield tag="040" ind1=" " ind2=" ">
    <subfield code="a">LBSOR/DLC</subfield>
    <subfield code="b">eng</subfield>
    <subfield code="e">rda</subfield>
    <subfield code="c">LBSOR</subfield>
    <subfield code="d">DLC</subfield>
  </datafield>
  <datafield tag="042" ind1=" " ind2=" ">
    <subfield code="a">pcc</subfield>
  </datafield>
  <datafield tag="050" ind1="0" ind2="0">
    <subfield code="a">BL41</subfield>
    <subfield code="b">.F74 2019</subfield>
  </datafield>
  <datafield tag="082" ind1="0" ind2="0">
    <subfield code="a">200.71</subfield>
    <subfield code="2">23</subfield>
  </datafield>
  <datafield tag="100" ind1="1" ind2=" ">
    <subfield code="a">Freiberger, Oliver,</subfield>
    <subfield code="e">author.</subfield>
  </datafield>
  <datafield tag="245" ind1="1" ind2="0">
    <subfield code="a">Considering comparison :</subfield>
    <subfield code="b">a method for religious studies /</subfield>
    <subfield code="c">Oliver Freiberger.</subfield>
  </datafield>
  <datafield tag="264" ind1=" " ind2="1">
    <subfield code="a">New York, NY :</subfield>
    <subfield code="b">Oxford University Press,</subfield>
    <subfield code="c">[2019]</subfield>
  </datafield>
  <datafield tag="300" ind1=" " ind2=" ">
    <subfield code="a">xii, 240 pages ;</subfield>
    <subfield code="c">25 cm</subfield>
  </datafield>
  <datafield tag="336" ind1=" " ind2=" ">
    <subfield code="a">text</subfield>
    <subfield code="2">rdacontent</subfield>
  </datafield>
  <datafield tag="337" ind1=" " ind2=" ">
    <subfield code="a">unmediated</subfield>
    <subfield code="2">rdamedia</subfield>
  </datafield>
  <datafield tag="338" ind1=" " ind2=" ">
    <subfield code="a">volume</subfield>
    <subfield code="2">rdacarrier</subfield>
  </datafield>
  <datafield tag="520" ind1=" " ind2=" ">
    <subfield code="a">&quot;The comparative method is an integral part of religious studies. Scholars are interested in a religious phenomenon not only as situated in its particular historical context, but also as a variant of something that exists in other contexts and cultures. Comparison has been subject to criticism, however, including postcolonialist and postmodernist critiques. Older approaches are said to have used comparison to confirm preconceptions about religion. More recently, comparison has been criticized as an act of abstraction that does injustice to the particular, neglects the differences, and establishes a mostly Western power of definition over the rest of the world. In this book, Oliver Freiberger takes a closer look at how comparison works. Revisiting critical debates and examining reflections in other disciplines including comparative history, sociology, comparative theology, and anthropology, Freiberger proposes a model of comparison that is based on a thorough epistemological analysis and that takes both the scholar&apos;s situatedness and his or her agency seriously. Examining numerous examples of comparative studies, Considering Comparison develops a methodological framework for conducting and evaluating such studies. Freiberger suggests a comparative approach - which he calls discourse comparison - that confronts the omnipresent risks of decontextualization, essentialization, and universalization. This book makes a case for comparison, arguing that it is indispensable for a deeper analytical understanding of what we call religion. It is intended to enrich the practice of both aspiring and seasoned comparativists, stimulate much-needed further discussions about comparative methodology, and encourage more scholars to produce responsible comparative studies&quot;--</subfield>
    <subfield code="c">Provided by publisher.</subfield>
  </datafield>
  <datafield tag="504" ind1=" " ind2=" ">
    <subfield code="a">Includes bibliographical references (pages 219-236) and index.</subfield>
  </datafield>
  <datafield tag="505" ind1="0" ind2=" ">
    <subfield code="a">The comparative method in the study of religion -- Comparison : critiques and challenges -- Comparison in theory : a scholar-centered approach -- Comparison in practice : a methodological framework -- Discourse comparison : an approach and a case study.</subfield>
  </datafield>
  <datafield tag="650" ind1=" " ind2="0">
    <subfield code="a">Religion</subfield>
    <subfield code="x">Methodology.</subfield>
  </datafield>
  <datafield tag="776" ind1="0" ind2="8">
    <subfield code="i">Online version:</subfield>
    <subfield code="a">Freiberger, Oliver, author.</subfield>
    <subfield code="t">Considering comparison</subfield>
    <subfield code="d">New York, NY : Oxford University Press, [2019]</subfield>
    <subfield code="z">9780199965014</subfield>
    <subfield code="w">(DLC) 2018049496</subfield>
  </datafield>
  <datafield tag="985" ind1=" " ind2=" ">
    <subfield code="a">LBSORCIP</subfield>
    <subfield code="d">2018-10-11</subfield>
  </datafield>
</record>