
<record>
  <leader>02783cam a2200349 i 4500</leader>
  <controlfield tag="001">20702504</controlfield>
  <controlfield tag="005">20200103080006.0</controlfield>
  <controlfield tag="008">180923s2019    nvu      b    000 0 eng c</controlfield>
  <datafield tag="906" ind1=" " ind2=" ">
    <subfield code="a">7</subfield>
    <subfield code="b">cbc</subfield>
    <subfield code="c">orignew</subfield>
    <subfield code="d">1</subfield>
    <subfield code="e">ecip</subfield>
    <subfield code="f">20</subfield>
    <subfield code="g">y-gencatlg</subfield>
  </datafield>
  <datafield tag="925" ind1="0" ind2=" ">
    <subfield code="a">acquire</subfield>
    <subfield code="b">1 shelf copy</subfield>
    <subfield code="x">policy default</subfield>
  </datafield>
  <datafield tag="955" ind1=" " ind2=" ">
    <subfield code="a">LBSOR</subfield>
    <subfield code="e">rf21 2019-01-17 to PSD/SHED</subfield>
    <subfield code="e">td14 2019-02-05 subject proposals not approved; three replacement proposals made; subject headings revised to reflect contents of work and LCSH policy; to Dewey</subfield>
    <subfield code="w">xm06 2019-02-07</subfield>
    <subfield code="a">xn11 2019-06-14 1 copy rec&apos;d., to CIP ver.</subfield>
    <subfield code="f">rf07 2019-06-24 CIP ver. to CALM</subfield>
  </datafield>
  <datafield tag="010" ind1=" " ind2=" ">
    <subfield code="a">  2018037316</subfield>
  </datafield>
  <datafield tag="020" ind1=" " ind2=" ">
    <subfield code="a">9781942094968</subfield>
    <subfield code="q">(paperback :</subfield>
    <subfield code="q">alk. paper)</subfield>
  </datafield>
  <datafield tag="040" ind1=" " ind2=" ">
    <subfield code="a">LBSOR/DLC</subfield>
    <subfield code="b">eng</subfield>
    <subfield code="c">LBSOR</subfield>
    <subfield code="e">rda</subfield>
    <subfield code="d">DLC</subfield>
  </datafield>
  <datafield tag="042" ind1=" " ind2=" ">
    <subfield code="a">pcc</subfield>
  </datafield>
  <datafield tag="043" ind1=" " ind2=" ">
    <subfield code="a">n-us---</subfield>
  </datafield>
  <datafield tag="050" ind1="0" ind2="0">
    <subfield code="a">UB403</subfield>
    <subfield code="b">.S744 2019</subfield>
  </datafield>
  <datafield tag="082" ind1="0" ind2="0">
    <subfield code="a">355.1/2</subfield>
    <subfield code="2">23</subfield>
  </datafield>
  <datafield tag="100" ind1="1" ind2=" ">
    <subfield code="a">Steen, Joanne M.,</subfield>
    <subfield code="e">author.</subfield>
  </datafield>
  <datafield tag="245" ind1="1" ind2="0">
    <subfield code="a">We regret to inform you :</subfield>
    <subfield code="b">a survival guide for Gold Star parents and those who support them /</subfield>
    <subfield code="c">Joanne Steen.</subfield>
  </datafield>
  <datafield tag="264" ind1=" " ind2="1">
    <subfield code="a">Las Vegas :</subfield>
    <subfield code="b">Central Recovery Press,</subfield>
    <subfield code="c">[2019]</subfield>
  </datafield>
  <datafield tag="300" ind1=" " ind2=" ">
    <subfield code="a">xx, 217 pages ;</subfield>
    <subfield code="c">23 cm</subfield>
  </datafield>
  <datafield tag="336" ind1=" " ind2=" ">
    <subfield code="a">text</subfield>
    <subfield code="b">txt</subfield>
    <subfield code="2">rdacontent</subfield>
  </datafield>
  <datafield tag="337" ind1=" " ind2=" ">
    <subfield code="a">unmediated</subfield>
    <subfield code="b">n</subfield>
    <subfield code="2">rdamedia</subfield>
  </datafield>
  <datafield tag="338" ind1=" " ind2=" ">
    <subfield code="a">volume</subfield>
    <subfield code="b">nc</subfield>
    <subfield code="2">rdacarrier</subfield>
  </datafield>
  <datafield tag="520" ind1=" " ind2=" ">
    <subfield code="a">&quot;Good news never follows the words &apos;We regret to inform you.&apos; Author Joanne Steen had it all--a happy marriage to a handsome Navy pilot, an exciting engineering career, and a new home with a sunny bedroom that begged for a crib. But one day, fate caught up with her and, suddenly, she was a military widow, an identity she never sought. The impact of a military death has a ripple effect that is felt well beyond the immediate family, extending to the larger circles of friends, relatives, and those who provide professional assistance. Using the voices of other parents as well as her own experiences, Steen offers readers wisdom, comfort, and practical advice as she maps out a path for their grief journey&quot;--</subfield>
    <subfield code="c">Provided by publisher.</subfield>
  </datafield>
  <datafield tag="504" ind1=" " ind2=" ">
    <subfield code="a">Includes bibliographical references (pages 213-217).</subfield>
  </datafield>
  <datafield tag="505" ind1="0" ind2=" ">
    <subfield code="a">America&apos;s sons and daughters -- Gold star parents -- Loss of your son or daughter -- How your child died shapes your grief -- Ten factors that complicate your military loss -- A parent&apos;s grief -- Grief is a package deal -- Grief work after a military death -- Men and grief -- Disenfranchised grief -- Handling holidays and important days of meaning -- Moving forward -- Building personal resilience -- What you need to know -- What to expect -- What to say and do.</subfield>
  </datafield>
  <datafield tag="650" ind1=" " ind2="0">
    <subfield code="a">Parents of military casualties</subfield>
    <subfield code="z">United States.</subfield>
  </datafield>
  <datafield tag="650" ind1=" " ind2="0">
    <subfield code="a">Parental grief</subfield>
    <subfield code="z">United States.</subfield>
  </datafield>
  <datafield tag="776" ind1="0" ind2="8">
    <subfield code="i">Online version:</subfield>
    <subfield code="a">Steen, Joanne M., author.</subfield>
    <subfield code="t">We regret to inform you</subfield>
    <subfield code="d">Las Vegas : Central Recovery Press, 2019</subfield>
    <subfield code="z">9781942094975</subfield>
    <subfield code="w">(DLC) 2019006197</subfield>
  </datafield>
  <datafield tag="985" ind1=" " ind2=" ">
    <subfield code="a">LBSORCIP</subfield>
    <subfield code="d">2018-10-11</subfield>
  </datafield>
</record>