
<record>
  <leader>03173cam a22003738i 4500</leader>
  <controlfield tag="001">20706291</controlfield>
  <controlfield tag="005">20200103121236.0</controlfield>
  <controlfield tag="008">181012s2019    ilu      b    001 0 eng c</controlfield>
  <datafield tag="906" ind1=" " ind2=" ">
    <subfield code="a">0</subfield>
    <subfield code="b">vip</subfield>
    <subfield code="c">orignew</subfield>
    <subfield code="d">1</subfield>
    <subfield code="e">ecip</subfield>
    <subfield code="f">20</subfield>
    <subfield code="g">y-gencatlg</subfield>
  </datafield>
  <datafield tag="925" ind1="0" ind2=" ">
    <subfield code="a">acquire</subfield>
    <subfield code="b">1 shelf copy</subfield>
    <subfield code="x">policy default</subfield>
  </datafield>
  <datafield tag="955" ind1=" " ind2=" ">
    <subfield code="a">IEN</subfield>
    <subfield code="a">xn11 2019-11-25 1 copy rec&apos;d., to CIP ver.</subfield>
    <subfield code="e">td14 2020-01-03 galley to Dewey</subfield>
  </datafield>
  <datafield tag="010" ind1=" " ind2=" ">
    <subfield code="a">  2018049331</subfield>
  </datafield>
  <datafield tag="020" ind1=" " ind2=" ">
    <subfield code="a">9780810139268 (paper text : alk. paper)</subfield>
  </datafield>
  <datafield tag="020" ind1=" " ind2=" ">
    <subfield code="a">9780810139275 (cloth text : alk. paper)</subfield>
  </datafield>
  <datafield tag="020" ind1=" " ind2=" ">
    <subfield code="a">9780810139282 (e-book)</subfield>
  </datafield>
  <datafield tag="040" ind1=" " ind2=" ">
    <subfield code="a">IEN/DLC</subfield>
    <subfield code="b">eng</subfield>
    <subfield code="c">IEN</subfield>
    <subfield code="e">rda</subfield>
  </datafield>
  <datafield tag="042" ind1=" " ind2=" ">
    <subfield code="a">pcc</subfield>
  </datafield>
  <datafield tag="050" ind1="0" ind2="0">
    <subfield code="a">PR428.S68</subfield>
    <subfield code="b">L44 2019</subfield>
  </datafield>
  <datafield tag="082" ind1="0" ind2="4">
    <subfield code="a">820.938233509031</subfield>
    <subfield code="2">23</subfield>
  </datafield>
  <datafield tag="100" ind1="1" ind2=" ">
    <subfield code="a">Lee, James Jaehoon,</subfield>
    <subfield code="e">author.</subfield>
  </datafield>
  <datafield tag="245" ind1="1" ind2="4">
    <subfield code="a">The two-soul&apos;d animal :</subfield>
    <subfield code="b">early modern literatures of the Classical and Christian souls /</subfield>
    <subfield code="c">James Jaehoon Lee.</subfield>
  </datafield>
  <datafield tag="263" ind1=" " ind2=" ">
    <subfield code="a">1111</subfield>
  </datafield>
  <datafield tag="264" ind1=" " ind2="1">
    <subfield code="a">Evanston, Illinois :</subfield>
    <subfield code="b">Northwestern University Press,</subfield>
    <subfield code="c">2019.</subfield>
  </datafield>
  <datafield tag="300" ind1=" " ind2=" ">
    <subfield code="a">pages cm</subfield>
  </datafield>
  <datafield tag="336" ind1=" " ind2=" ">
    <subfield code="a">text</subfield>
    <subfield code="2">rdacontent</subfield>
  </datafield>
  <datafield tag="337" ind1=" " ind2=" ">
    <subfield code="a">unmediated</subfield>
    <subfield code="2">rdamedia</subfield>
  </datafield>
  <datafield tag="338" ind1=" " ind2=" ">
    <subfield code="a">volume</subfield>
    <subfield code="2">rdacarrier</subfield>
  </datafield>
  <datafield tag="504" ind1=" " ind2=" ">
    <subfield code="a">Includes bibliographical references and index.</subfield>
  </datafield>
  <datafield tag="505" ind1="0" ind2=" ">
    <subfield code="a">Acknowledgments -- Introduction: The two-soul&apos;d animal -- The two souls as a problem of Christian freedom -- Hamlet&apos;s &quot;soulbending sovereignty&quot; and Shakespeare&apos;s rhetorical soul -- Sir John Davies and the lyrical psychology of the English commonwealth -- &quot;Be thou verbum&quot; : John Donne&apos;s printerly techne of the soul -- From animal to anima : Milton&apos;s &quot;living soul&quot; and the promise of discursive reason -- Coda: &quot;Incompletely human&quot; before Descartes.</subfield>
  </datafield>
  <datafield tag="520" ind1=" " ind2=" ">
    <subfield code="a">The Two-Soul&apos;d Animal illuminates an early modern debate that recognized the troubling extent to which Christian thought had defined the human in terms of two incompatible models of soul. As the sixteenth century progressed, Christian and humanist thinkers began to realize that these two souls fundamentally contradicted each other. On the one hand, Christian theology had a great debt to Aristotle&apos;s tripartite model of the soul based on three organic faculties: intellection, sensation, and nutrition. On the other, the Christian soul was defined by its immortal, immaterial, and transcendental substance. The sixteenth-century acknowledgement of the two souls provoked a great deal of anxiety, leading Christian thinkers to ask: How can we, as God&apos;s perfect design, have two redundant and yet contradictory souls? And how could the core of the religious subject possibly be defined by a psychological paradox? As a result, the &quot;soul&quot; was an intrinsically unstable term being renegotiated in Renaissance culture. The English writers studied in The Two-Soul&apos;d Animal place two prevailing interpretations of the soul&apos;s faculties--one rhetorical on the plane of aesthetics, the other theological on the plane of ethics--into contact as a way to construct a new mode of Christian agency--Provided by publisher.</subfield>
  </datafield>
  <datafield tag="650" ind1=" " ind2="0">
    <subfield code="a">English literature</subfield>
    <subfield code="y">Early modern, 1500-1700</subfield>
    <subfield code="x">History and criticism.</subfield>
  </datafield>
  <datafield tag="650" ind1=" " ind2="0">
    <subfield code="a">Soul in literature.</subfield>
  </datafield>
  <datafield tag="963" ind1=" " ind2=" ">
    <subfield code="a">Anne Gendler; phone: 847-491-3844; email: a-gendler@northwestern.edu; bc: a-gendler@northwestern.edu</subfield>
  </datafield>
  <datafield tag="985" ind1=" " ind2=" ">
    <subfield code="a">IENCIP</subfield>
    <subfield code="d">2018-10-15</subfield>
  </datafield>
</record>