
<record>
  <leader>00792cam a22002297i 4500</leader>
  <controlfield tag="001">20711224</controlfield>
  <controlfield tag="005">20200103121400.0</controlfield>
  <controlfield tag="008">181018s2015    is ac         000 0crus  </controlfield>
  <datafield tag="906" ind1=" " ind2=" ">
    <subfield code="a">0</subfield>
    <subfield code="b">ibc</subfield>
    <subfield code="c">orignew</subfield>
    <subfield code="d">2</subfield>
    <subfield code="e">ncip</subfield>
    <subfield code="f">20</subfield>
    <subfield code="g">y-nonroman</subfield>
  </datafield>
  <datafield tag="925" ind1="0" ind2=" ">
    <subfield code="a">acquire</subfield>
    <subfield code="b">1 shelf copy</subfield>
    <subfield code="x">policy default</subfield>
  </datafield>
  <datafield tag="955" ind1=" " ind2=" ">
    <subfield code="a">cd15 2018-10-18 to cd00 IJ</subfield>
    <subfield code="a">cd15 2019-03-26 to Russian section</subfield>
    <subfield code="a">fe00 2019-04-04 to GS/RUS</subfield>
  </datafield>
  <datafield tag="010" ind1=" " ind2=" ">
    <subfield code="a">  2018416696</subfield>
  </datafield>
  <datafield tag="020" ind1=" " ind2=" ">
    <subfield code="a">9789657467954</subfield>
  </datafield>
  <datafield tag="040" ind1=" " ind2=" ">
    <subfield code="a">DLC</subfield>
    <subfield code="b">eng</subfield>
    <subfield code="c">DLC</subfield>
    <subfield code="e">rda</subfield>
  </datafield>
  <datafield tag="050" ind1="0" ind2="0">
    <subfield code="a">IN PROCESS</subfield>
  </datafield>
  <datafield tag="245" ind1="1" ind2="0">
    <subfield code="a">Dorogami zhizni i voiny /</subfield>
    <subfield code="c">redaktor Vladlen Karp.</subfield>
  </datafield>
  <datafield tag="264" ind1=" " ind2="1">
    <subfield code="a">Lod :</subfield>
    <subfield code="b">&quot;Bridge&quot;,</subfield>
    <subfield code="c">2015.</subfield>
  </datafield>
  <datafield tag="300" ind1=" " ind2=" ">
    <subfield code="a">197 pages :</subfield>
    <subfield code="b">illustrations ;</subfield>
    <subfield code="c">21 cm</subfield>
  </datafield>
  <datafield tag="336" ind1=" " ind2=" ">
    <subfield code="a">text</subfield>
    <subfield code="b">txt</subfield>
    <subfield code="2">rdacontent</subfield>
  </datafield>
  <datafield tag="337" ind1=" " ind2=" ">
    <subfield code="a">unmediated</subfield>
    <subfield code="b">n</subfield>
    <subfield code="2">rdamedia</subfield>
  </datafield>
  <datafield tag="338" ind1=" " ind2=" ">
    <subfield code="a">volume</subfield>
    <subfield code="b">nc</subfield>
    <subfield code="2">rdacarrier</subfield>
  </datafield>
  <datafield tag="650" ind1=" " ind2="0">
    <subfield code="a">Jews, Russian</subfield>
    <subfield code="z">Israel</subfield>
    <subfield code="v">Biography.</subfield>
  </datafield>
</record>