
<record>
  <leader>03433cam a22003738i 4500</leader>
  <controlfield tag="001">20716806</controlfield>
  <controlfield tag="005">20200103161904.0</controlfield>
  <controlfield tag="008">181014s2019    nyu      b    001 0 eng c</controlfield>
  <datafield tag="906" ind1=" " ind2=" ">
    <subfield code="a">0</subfield>
    <subfield code="b">vip</subfield>
    <subfield code="c">orignew</subfield>
    <subfield code="d">1</subfield>
    <subfield code="e">ecip</subfield>
    <subfield code="f">20</subfield>
    <subfield code="g">y-gencatlg</subfield>
  </datafield>
  <datafield tag="925" ind1="0" ind2=" ">
    <subfield code="a">acquire</subfield>
    <subfield code="b">1 shelf copy</subfield>
    <subfield code="x">policy default</subfield>
  </datafield>
  <datafield tag="955" ind1=" " ind2=" ">
    <subfield code="a">LBSOR</subfield>
    <subfield code="e">xk06 2018-10-23 to Dewey</subfield>
    <subfield code="w">xm04 2018-10-30</subfield>
    <subfield code="a">xn11 2020-01-03 1 copy rec&apos;d., to CIP ver.</subfield>
  </datafield>
  <datafield tag="010" ind1=" " ind2=" ">
    <subfield code="a">  2018048959</subfield>
  </datafield>
  <datafield tag="020" ind1=" " ind2=" ">
    <subfield code="a">9780231187381</subfield>
    <subfield code="q">(cloth :</subfield>
    <subfield code="q">alk. paper)</subfield>
  </datafield>
  <datafield tag="020" ind1=" " ind2=" ">
    <subfield code="z">9780231547246</subfield>
    <subfield code="q">(ebook)</subfield>
  </datafield>
  <datafield tag="040" ind1=" " ind2=" ">
    <subfield code="a">LBSOR/DLC</subfield>
    <subfield code="b">eng</subfield>
    <subfield code="c">LBSOR</subfield>
    <subfield code="e">rda</subfield>
    <subfield code="d">DLC</subfield>
  </datafield>
  <datafield tag="042" ind1=" " ind2=" ">
    <subfield code="a">pcc</subfield>
  </datafield>
  <datafield tag="043" ind1=" " ind2=" ">
    <subfield code="a">e------</subfield>
  </datafield>
  <datafield tag="050" ind1="0" ind2="0">
    <subfield code="a">PN1271</subfield>
    <subfield code="b">.P48 2019</subfield>
  </datafield>
  <datafield tag="082" ind1="0" ind2="0">
    <subfield code="a">821/.9209</subfield>
    <subfield code="2">2 3</subfield>
  </datafield>
  <datafield tag="245" ind1="0" ind2="0">
    <subfield code="a">Philosophy and poetry :</subfield>
    <subfield code="b">continental perspectives /</subfield>
    <subfield code="c">edited by Ranjan Ghosh.</subfield>
  </datafield>
  <datafield tag="263" ind1=" " ind2=" ">
    <subfield code="a">1111</subfield>
  </datafield>
  <datafield tag="264" ind1=" " ind2="1">
    <subfield code="a">New York :</subfield>
    <subfield code="b">Columbia University Press,</subfield>
    <subfield code="c">[2019]</subfield>
  </datafield>
  <datafield tag="300" ind1=" " ind2=" ">
    <subfield code="a">pages cm</subfield>
  </datafield>
  <datafield tag="336" ind1=" " ind2=" ">
    <subfield code="a">text</subfield>
    <subfield code="b">txt</subfield>
    <subfield code="2">rdacontent</subfield>
  </datafield>
  <datafield tag="337" ind1=" " ind2=" ">
    <subfield code="a">unmediated</subfield>
    <subfield code="b">n</subfield>
    <subfield code="2">rdamedia</subfield>
  </datafield>
  <datafield tag="338" ind1=" " ind2=" ">
    <subfield code="a">volume</subfield>
    <subfield code="b">nc</subfield>
    <subfield code="2">rdacarrier</subfield>
  </datafield>
  <datafield tag="520" ind1=" " ind2=" ">
    <subfield code="a">&quot;Philosophy or Poetry?: A Continental Perspective is an exciting and innovative contribution to continental philosophy, aesthetics, and comparative literature that will have broad interest and appeal. The unique spirit with which major thinkers in the contemporary continental tradition engage with the challenge of poetry (and perhaps the arts in general) to questions both political and personal is conveyed in these essays commissioned from specialists and major thinkers in their own right--Georges Van Den Abbeele, Lutz Koepnick, Jean Michel Rabate, Francois Noudelmann, Claire Colebrook, Jean Philippe Deranty, and Bruno Bosteels, among others&quot;--</subfield>
    <subfield code="c">Provided by publisher.</subfield>
  </datafield>
  <datafield tag="504" ind1=" " ind2=" ">
    <subfield code="a">Includes bibliographical references and index.</subfield>
  </datafield>
  <datafield tag="505" ind1="0" ind2=" ">
    <subfield code="a">The agonizing agon: meditations on a conjugality / Ranjan Ghosh -- As the world turns: Heidegger and the origin of poetry / Georges Van Den Abbeele -- Benjamin&apos;s Baudelaire / Lutz Koepnick -- Georges Bataille and the hatred of poetry / Roland Végs? -- Voicing thought: Arendt, poetry, and philosophy / Cecilia Sjholm -- Language and the poetic word in Gadamer&apos;s Hermeneutics / James Risser -- &quot;I am a poem, not a poet&quot;: Jacques Kacan&apos;s philosophy of poetry / Jean Michel Rabaté -- Adorno: poetry after poetry / Thomas H. Ford -- Sartre and poetry: je t&apos;aime, moi non plus (I love you/me neither) / Francois Noudelmann -- Levinas: the poetical turn of being / Raoul Moati -- The intoxicated conversation: Maurice Blanchot and the poetics of critical masks / Daniel Rosenberg Nutters and Daniel T. O&apos;Hara -- Merleau-Ponty, Ponge, and Valéry on speaking things: phenomenology and poetry / Galen Johnson -- Deleuze and poetry / Claire Colebrook -- Irigaray&apos;s breath, or poetry after poetics / Anne Emmanuelle Berger -- On the persistence of hedgehogs / Leslie Hill -- What are philosophers for in the age of the poets? Badiou with and against Heidegger / Bruno Bosteels -- Jean-Luc Nancy: poetry, philosophy, technicity / Ian James -- Rancière&apos;s on poetry / Jean-Phillippe Deranty -- Desire against discipline: Kristeva&apos;s theory of poetry / Carol M. Bové -- Agamben and poetry / Justin Clemens.</subfield>
  </datafield>
  <datafield tag="650" ind1=" " ind2="0">
    <subfield code="a">European poetry</subfield>
    <subfield code="y">20th century</subfield>
    <subfield code="x">History and criticism.</subfield>
  </datafield>
  <datafield tag="650" ind1=" " ind2="0">
    <subfield code="a">Philosophy, European</subfield>
    <subfield code="y">20th century.</subfield>
  </datafield>
  <datafield tag="700" ind1="1" ind2=" ">
    <subfield code="a">Ghosh, Ranjan,</subfield>
    <subfield code="e">editor.</subfield>
  </datafield>
  <datafield tag="963" ind1=" " ind2=" ">
    <subfield code="a">Susan Pensak; phone: 212-459-0600; email: srp4@columbia.edu; bc: celeste.winters@ingramcontent.com</subfield>
  </datafield>
  <datafield tag="985" ind1=" " ind2=" ">
    <subfield code="a">LBSORCIP</subfield>
    <subfield code="d">2018-10-23</subfield>
  </datafield>
</record>