
<record>
  <leader>02550cam a22003614i 4500</leader>
  <controlfield tag="001">20725840</controlfield>
  <controlfield tag="005">20200103104404.0</controlfield>
  <controlfield tag="008">181030s2019    enk      b    001 0 eng  </controlfield>
  <datafield tag="906" ind1=" " ind2=" ">
    <subfield code="a">7</subfield>
    <subfield code="b">cbc</subfield>
    <subfield code="c">orignew</subfield>
    <subfield code="d">1</subfield>
    <subfield code="e">ecip</subfield>
    <subfield code="f">20</subfield>
    <subfield code="g">y-gencatlg</subfield>
  </datafield>
  <datafield tag="925" ind1="0" ind2=" ">
    <subfield code="a">acquire</subfield>
    <subfield code="b">1 shelf copy</subfield>
    <subfield code="x">policy default</subfield>
  </datafield>
  <datafield tag="955" ind1=" " ind2=" ">
    <subfield code="b">xk26 2018-10-30</subfield>
    <subfield code="i">xk26 2018-10-30 to review</subfield>
    <subfield code="r">xk16 2018-11-23</subfield>
    <subfield code="i">xk16 2019-01-07 to Policy</subfield>
    <subfield code="a">xn13 2019-02-14 1 copy rec&apos;d., to CIP ver.</subfield>
    <subfield code="f">rl02 2019-02-28 to BCCD</subfield>
    <subfield code="a">td14 2020-01-03 galley to Dewey</subfield>
  </datafield>
  <datafield tag="010" ind1=" " ind2=" ">
    <subfield code="a">  2018048484</subfield>
  </datafield>
  <datafield tag="020" ind1=" " ind2=" ">
    <subfield code="a">9781787079151 (alk. paper)</subfield>
  </datafield>
  <datafield tag="040" ind1=" " ind2=" ">
    <subfield code="a">DLC</subfield>
    <subfield code="b">eng</subfield>
    <subfield code="c">DLC</subfield>
    <subfield code="e">rda</subfield>
    <subfield code="d">DLC</subfield>
  </datafield>
  <datafield tag="042" ind1=" " ind2=" ">
    <subfield code="a">pcc</subfield>
  </datafield>
  <datafield tag="043" ind1=" " ind2=" ">
    <subfield code="a">e-ge---</subfield>
    <subfield code="a">e-gx---</subfield>
  </datafield>
  <datafield tag="050" ind1="0" ind2="0">
    <subfield code="a">PT3723.5.S73</subfield>
    <subfield code="b">G65 2019</subfield>
  </datafield>
  <datafield tag="100" ind1="1" ind2=" ">
    <subfield code="a">Goll, Francesca,</subfield>
    <subfield code="d">1985-</subfield>
    <subfield code="e">author.</subfield>
  </datafield>
  <datafield tag="245" ind1="1" ind2="0">
    <subfield code="a">Mapping spaces :</subfield>
    <subfield code="b">reimagining East German society in 1960s fiction /</subfield>
    <subfield code="c">Francesca Goll.</subfield>
  </datafield>
  <datafield tag="264" ind1=" " ind2="1">
    <subfield code="a">Oxford ;</subfield>
    <subfield code="a">New York :</subfield>
    <subfield code="b">Peter Lang,</subfield>
    <subfield code="c">[2019]</subfield>
  </datafield>
  <datafield tag="300" ind1=" " ind2=" ">
    <subfield code="a">viii, 255 pages ;</subfield>
    <subfield code="c">23 cm.</subfield>
  </datafield>
  <datafield tag="336" ind1=" " ind2=" ">
    <subfield code="a">text</subfield>
    <subfield code="b">txt</subfield>
    <subfield code="2">rdacontent</subfield>
  </datafield>
  <datafield tag="337" ind1=" " ind2=" ">
    <subfield code="a">unmediated</subfield>
    <subfield code="b">n</subfield>
    <subfield code="2">rdamedia</subfield>
  </datafield>
  <datafield tag="338" ind1=" " ind2=" ">
    <subfield code="a">volume</subfield>
    <subfield code="b">nc</subfield>
    <subfield code="2">rdacarrier</subfield>
  </datafield>
  <datafield tag="490" ind1="0" ind2=" ">
    <subfield code="a">German life and civilization</subfield>
  </datafield>
  <datafield tag="520" ind1=" " ind2=" ">
    <subfield code="a">&quot;In the process of negotiating the social and political reality of the GDR, writers played a crucial role. The specific feature of GDR literary texts of the 1960s lies in their attempt at both imagining and representing the emergence of a community that had previously not existed as well as shifting loyalties to promote a sense of common belonging. This study analyses the ways in which Werner Bräunig and Erik Neutsch negotiate this tension in their novels by focusing on spatial and topographical settings. If literary texts map power structures by rewriting cartographies, then the analysis of those spatial dimensions will shed light on the type of societies that are being promoted. Both texts under consideration were written in the 1960s but have been received very differently: while Neutsch&apos;s Spur der Steine (1964) became a bestseller, Bräunig&apos;s fragment Rummelplatz was only published as a novel posthumously in 2007. Yet they both speak to GDR politics of the 1960s, highlighting the evocative power of literature within the East German context&quot;--</subfield>
    <subfield code="c">Provided by publisher.</subfield>
  </datafield>
  <datafield tag="504" ind1=" " ind2=" ">
    <subfield code="a">Includes bibliographical references (pages 229-250) and index.</subfield>
  </datafield>
  <datafield tag="650" ind1=" " ind2="0">
    <subfield code="a">German fiction</subfield>
    <subfield code="z">Germany (East)</subfield>
    <subfield code="x">History and criticism.</subfield>
  </datafield>
  <datafield tag="650" ind1=" " ind2="0">
    <subfield code="a">Space and time in literature.</subfield>
  </datafield>
  <datafield tag="650" ind1=" " ind2="0">
    <subfield code="a">Geography in literature.</subfield>
  </datafield>
  <datafield tag="651" ind1=" " ind2="0">
    <subfield code="a">Germany (East)</subfield>
    <subfield code="x">In literature.</subfield>
  </datafield>
  <datafield tag="600" ind1="1" ind2="0">
    <subfield code="a">Bräunig, Werner.</subfield>
    <subfield code="t">Rummelplatz.</subfield>
  </datafield>
  <datafield tag="600" ind1="1" ind2="0">
    <subfield code="a">Neutsch, Erik.</subfield>
    <subfield code="t">Spur der Steine.</subfield>
  </datafield>
</record>