
<record>
  <leader>03110cam a2200337 i 4500</leader>
  <controlfield tag="001">20741366</controlfield>
  <controlfield tag="005">20200103122542.0</controlfield>
  <controlfield tag="008">181113s2019    mdu      b    001 0 eng  </controlfield>
  <datafield tag="906" ind1=" " ind2=" ">
    <subfield code="a">7</subfield>
    <subfield code="b">cbc</subfield>
    <subfield code="c">orignew</subfield>
    <subfield code="d">1</subfield>
    <subfield code="e">ecip</subfield>
    <subfield code="f">20</subfield>
    <subfield code="g">y-gencatlg</subfield>
  </datafield>
  <datafield tag="925" ind1="0" ind2=" ">
    <subfield code="a">acquire</subfield>
    <subfield code="b">1 shelf copy</subfield>
    <subfield code="x">policy default</subfield>
  </datafield>
  <datafield tag="955" ind1=" " ind2=" ">
    <subfield code="b">xk26 2018-11-13</subfield>
    <subfield code="i">xk26 2018-11-13 to review</subfield>
    <subfield code="r">xk16 2018-11-26</subfield>
    <subfield code="i">xk16 2018-12-12 to Policy</subfield>
    <subfield code="a">xn11 2019-03-25 1 copy rec&apos;d., to CIP ver.</subfield>
    <subfield code="f">xk25 2019-04-22 to CALM</subfield>
    <subfield code="e">td14 2020-01-03 subject headings and class number revised; class proposal made; subject proposal not approved; galley to Dewey</subfield>
  </datafield>
  <datafield tag="010" ind1=" " ind2=" ">
    <subfield code="a">  2018052320</subfield>
  </datafield>
  <datafield tag="020" ind1=" " ind2=" ">
    <subfield code="a">9781498547208 (hardcover : alk. paper)</subfield>
  </datafield>
  <datafield tag="020" ind1=" " ind2=" ">
    <subfield code="z">9781498547215 (electronic)</subfield>
  </datafield>
  <datafield tag="040" ind1=" " ind2=" ">
    <subfield code="a">DLC</subfield>
    <subfield code="b">eng</subfield>
    <subfield code="c">DLC</subfield>
    <subfield code="e">rda</subfield>
    <subfield code="d">DLC</subfield>
  </datafield>
  <datafield tag="041" ind1="1" ind2=" ">
    <subfield code="a">eng</subfield>
    <subfield code="a">eng</subfield>
    <subfield code="h">pol</subfield>
  </datafield>
  <datafield tag="042" ind1=" " ind2=" ">
    <subfield code="a">pcc</subfield>
  </datafield>
  <datafield tag="050" ind1="0" ind2="0">
    <subfield code="a">PN56.E267</subfield>
    <subfield code="b">E26 2019</subfield>
  </datafield>
  <datafield tag="245" ind1="0" ind2="0">
    <subfield code="a">Ecopoetics and the global landscape :</subfield>
    <subfield code="b">critical essays /</subfield>
    <subfield code="c">edited by Isabel Sobral Campos.</subfield>
  </datafield>
  <datafield tag="264" ind1=" " ind2="1">
    <subfield code="a">Lanham :</subfield>
    <subfield code="b">Lexington Books,</subfield>
    <subfield code="c">[2019]</subfield>
  </datafield>
  <datafield tag="300" ind1=" " ind2=" ">
    <subfield code="a">xvii, 297 pages ;</subfield>
    <subfield code="c">24 cm.</subfield>
  </datafield>
  <datafield tag="336" ind1=" " ind2=" ">
    <subfield code="a">text</subfield>
    <subfield code="b">txt</subfield>
    <subfield code="2">rdacontent</subfield>
  </datafield>
  <datafield tag="337" ind1=" " ind2=" ">
    <subfield code="a">unmediated</subfield>
    <subfield code="b">n</subfield>
    <subfield code="2">rdamedia</subfield>
  </datafield>
  <datafield tag="338" ind1=" " ind2=" ">
    <subfield code="a">volume</subfield>
    <subfield code="b">nc</subfield>
    <subfield code="2">rdacarrier</subfield>
  </datafield>
  <datafield tag="490" ind1="0" ind2=" ">
    <subfield code="a">Ecocritical theory and practice</subfield>
  </datafield>
  <datafield tag="520" ind1=" " ind2=" ">
    <subfield code="a">&quot;Ecopoetics and the Global Landscape: Critical Essays is a collection of trans-national essays on the intersection of ecopoetics and foundational theoretical issues within ecocriticism, such as environmental justice, indigenous studies, animal studies, new materialism, as well as the local and global&quot;--</subfield>
    <subfield code="c">Provided by publisher.</subfield>
  </datafield>
  <datafield tag="504" ind1=" " ind2=" ">
    <subfield code="a">Includes bibliographical references and index.</subfield>
  </datafield>
  <datafield tag="505" ind1="0" ind2=" ">
    <subfield code="a">Introduction: trans-national ecopoetics / Isabel Sobral Campos -- Section 1: An ecopoetics of resistance: transnational voices of dissent. &quot;No more boomerang&quot;: environment and technology in contemporary aboriginal Australian poetry / John Charles Ryan -- &quot;To a nation out of its mind&quot;: Joy Harjo&apos;s post-pastoral / Sarah Giragosian -- Native Chamorro eco-poetry in the work of Cecilia C. T. Perez / Craig Santos Perez -- &quot;Neither homeland nor exile are words&quot;: &quot;Situated knowledge&quot; in the works of Palestinian and Native American writers / Benay Blend -- Nature as a counter-historical narrative in Holocaust poetry (Miłosz, Celan, and Pagis) / Aleksandra Ubertowska, translated by Paweł Wojtas -- Section 2: An ecopoetics of the nonhuman: animal encounters. Noticing with Bishop: curiosity and &quot;The moose&quot; / Cheryl Alison -- Nonhuman voices in Les Murray&apos;s Translations from the natural world / Sarah Bouttier -- Section 3: An ecopoetics of matter: new materialist readings. Hybrid alliterative green: ecopoetics in Sir Gawain and the Green Knight / Randy P. Schiff -- Toward a material Jeffers: mysticism and the new materialism / David Tagnani -- The ecology of metaphor: Will Alexander&apos;s exobiology as goddess / Isabel Sobral Campos -- Towards an improper poetics / Heather H. Yeung.</subfield>
  </datafield>
  <datafield tag="650" ind1=" " ind2="0">
    <subfield code="a">Ecology in literature.</subfield>
  </datafield>
  <datafield tag="700" ind1="1" ind2=" ">
    <subfield code="a">Campos, Isabel Sobral,</subfield>
    <subfield code="e">editor of compilation.</subfield>
  </datafield>
  <datafield tag="776" ind1="0" ind2="8">
    <subfield code="i">Online version:</subfield>
    <subfield code="t">Ecopoetics and the global landscape.</subfield>
    <subfield code="d">Lanham : Lexington Books, [2019]</subfield>
    <subfield code="z">9781498547215</subfield>
    <subfield code="w">(DLC)  2019980194</subfield>
  </datafield>
</record>