
<record>
  <leader>02598cam a22003858i 4500</leader>
  <controlfield tag="001">20743747</controlfield>
  <controlfield tag="005">20200103095518.0</controlfield>
  <controlfield tag="008">181114s2019    nhu           001 0 eng  </controlfield>
  <datafield tag="906" ind1=" " ind2=" ">
    <subfield code="a">0</subfield>
    <subfield code="b">ibc</subfield>
    <subfield code="c">orignew</subfield>
    <subfield code="d">1</subfield>
    <subfield code="e">ecip</subfield>
    <subfield code="f">20</subfield>
    <subfield code="g">y-gencatlg</subfield>
  </datafield>
  <datafield tag="925" ind1="0" ind2=" ">
    <subfield code="a">acquire</subfield>
    <subfield code="b">1 shelf copy</subfield>
    <subfield code="x">policy default</subfield>
  </datafield>
  <datafield tag="955" ind1=" " ind2=" ">
    <subfield code="b">xk26 2018-11-14</subfield>
    <subfield code="i">xk26 2018-11-14 to review</subfield>
    <subfield code="r">xk16 2018-11-27</subfield>
    <subfield code="a">xk26 2018-12-06 to PSD for class/subject proposals</subfield>
    <subfield code="e">td14 2020-01-03 revised subject proposal; to Dewey</subfield>
  </datafield>
  <datafield tag="010" ind1=" " ind2=" ">
    <subfield code="a">  2018050401</subfield>
  </datafield>
  <datafield tag="020" ind1=" " ind2=" ">
    <subfield code="a">9781512603606 (Hardcover)</subfield>
  </datafield>
  <datafield tag="020" ind1=" " ind2=" ">
    <subfield code="a">9781512603613 (Paperback)</subfield>
  </datafield>
  <datafield tag="020" ind1=" " ind2=" ">
    <subfield code="z">9781512603620 (Ebook)</subfield>
  </datafield>
  <datafield tag="040" ind1=" " ind2=" ">
    <subfield code="a">DLC</subfield>
    <subfield code="b">eng</subfield>
    <subfield code="e">rda</subfield>
    <subfield code="c">DLC</subfield>
  </datafield>
  <datafield tag="042" ind1=" " ind2=" ">
    <subfield code="a">pcc</subfield>
  </datafield>
  <datafield tag="043" ind1=" " ind2=" ">
    <subfield code="a">n-us---</subfield>
  </datafield>
  <datafield tag="050" ind1="0" ind2="0">
    <subfield code="a">PS231.N46</subfield>
    <subfield code="b">N46 2019</subfield>
  </datafield>
  <datafield tag="245" ind1="0" ind2="0">
    <subfield code="a">Neoliberalism and contemporary American literature /</subfield>
    <subfield code="c">Liam Kennedy and Stephen Shapiro, editors.</subfield>
  </datafield>
  <datafield tag="263" ind1=" " ind2=" ">
    <subfield code="a">1906</subfield>
  </datafield>
  <datafield tag="264" ind1=" " ind2="1">
    <subfield code="a">Hanover, New Hampshire :</subfield>
    <subfield code="b">Dartmouth College Press,</subfield>
    <subfield code="c">[2019]</subfield>
  </datafield>
  <datafield tag="300" ind1=" " ind2=" ">
    <subfield code="a">pages cm.</subfield>
  </datafield>
  <datafield tag="336" ind1=" " ind2=" ">
    <subfield code="a">text</subfield>
    <subfield code="b">txt</subfield>
    <subfield code="2">rdacontent</subfield>
  </datafield>
  <datafield tag="337" ind1=" " ind2=" ">
    <subfield code="a">unmediated</subfield>
    <subfield code="b">n</subfield>
    <subfield code="2">rdamedia</subfield>
  </datafield>
  <datafield tag="338" ind1=" " ind2=" ">
    <subfield code="a">volume</subfield>
    <subfield code="b">nc</subfield>
    <subfield code="2">rdacarrier</subfield>
  </datafield>
  <datafield tag="490" ind1="0" ind2=" ">
    <subfield code="a">Re-mapping the transnational : a Dartmouth series in American studies</subfield>
  </datafield>
  <datafield tag="520" ind1=" " ind2=" ">
    <subfield code="a">&quot;Essays examining how American literature both models and interrogates the neoliberal present&quot;--</subfield>
    <subfield code="c">Provided by publisher.</subfield>
  </datafield>
  <datafield tag="500" ind1=" " ind2=" ">
    <subfield code="a">Includes index.</subfield>
  </datafield>
  <datafield tag="505" ind1="0" ind2="0">
    <subfield code="a">Literature, Theory, and the Temporalities of Neoliberalism / Eli Jelly-Schapiro -- Neoliberalism, Alogrithmic Governmentality, and the Loss of Liberal Culture / Stephen Shapiro -- &quot;Flamethrowers and the Making of Modern Art&quot; / Mya Tucker-Abramson -- &quot;On the Very Edge of Fiction&quot;: Risk, Representation, and the Subject of Contemporary Fiction in Ben Lerner&apos;s 10.04 / Hamilton Carroll -- Fictions of Human Capital, or, Redemption in Neoliberal Times / Christian P. Haines -- The Uncanny Re-Worlding of the Post-9/11 American Novel / Donald E. Pease -- Desert Stories: Liberal Anxieties and the Neoliberal Novel / Liam Kennedy -- Beyond Precarity: Ideologies of Labor in Anti-Trafficking Crime Fiction / Caren Irr -- Terminal Insomnia: Sleeplessness, Labor, and Neoliberal Ecology in Karen Russell&apos;s Sleep Donation and Alex Rivera&apos;s Sleep Dealer / Sharae Deckard -- Postcapitalism in Space: Kim Stanley Robinson&apos;s Utopian Science Fiction / Dan Hassler-Forest.</subfield>
  </datafield>
  <datafield tag="650" ind1=" " ind2="0">
    <subfield code="a">American literature</subfield>
    <subfield code="y">21st century</subfield>
    <subfield code="x">History and criticism.</subfield>
  </datafield>
  <datafield tag="650" ind1=" " ind2="0">
    <subfield code="a">Neoliberalism and literature</subfield>
    <subfield code="z">United States.</subfield>
  </datafield>
  <datafield tag="700" ind1="1" ind2=" ">
    <subfield code="a">Kennedy, Liam,</subfield>
    <subfield code="d">1961-</subfield>
    <subfield code="e">editor.</subfield>
  </datafield>
  <datafield tag="700" ind1="1" ind2=" ">
    <subfield code="a">Shapiro, Stephen,</subfield>
    <subfield code="d">1964-</subfield>
    <subfield code="e">editor.</subfield>
  </datafield>
  <datafield tag="963" ind1=" " ind2=" ">
    <subfield code="a">Sylvia Fried; phone: 781-736-2125; email: fuks@brandeis.edu; bc: fuks@brandeis.edu</subfield>
  </datafield>
</record>