
<record>
  <leader>03071cam a2200565 i 4500</leader>
  <controlfield tag="001">20748772</controlfield>
  <controlfield tag="005">20200103155010.0</controlfield>
  <controlfield tag="008">181119s2019    cau           000 1 eng d</controlfield>
  <datafield tag="906" ind1=" " ind2=" ">
    <subfield code="a">7</subfield>
    <subfield code="b">cbc</subfield>
    <subfield code="c">copycat</subfield>
    <subfield code="d">2</subfield>
    <subfield code="e">epcn</subfield>
    <subfield code="f">20</subfield>
    <subfield code="g">y-gencatlg</subfield>
  </datafield>
  <datafield tag="925" ind1="0" ind2=" ">
    <subfield code="a">Acquire</subfield>
    <subfield code="b">1 shelf copy</subfield>
    <subfield code="x">policy default</subfield>
  </datafield>
  <datafield tag="955" ind1=" " ind2=" ">
    <subfield code="a">pc17 2018-11-19</subfield>
    <subfield code="a">xn11 2019-10-28 1 copy rec&apos;d., to USPRLL</subfield>
    <subfield code="b">xk15 2020-01-03 z-processor</subfield>
    <subfield code="i">xk15 2020-01-03 (telework) to BCCD</subfield>
  </datafield>
  <datafield tag="010" ind1=" " ind2=" ">
    <subfield code="a">  2018964807</subfield>
  </datafield>
  <datafield tag="020" ind1=" " ind2=" ">
    <subfield code="a">9781631525032</subfield>
    <subfield code="q">(paperback)</subfield>
  </datafield>
  <datafield tag="020" ind1=" " ind2=" ">
    <subfield code="a">1631525034</subfield>
    <subfield code="q">(paperback)</subfield>
  </datafield>
  <datafield tag="035" ind1=" " ind2=" ">
    <subfield code="a">(OCoLC)on1097679630</subfield>
  </datafield>
  <datafield tag="040" ind1=" " ind2=" ">
    <subfield code="a">UOK</subfield>
    <subfield code="b">eng</subfield>
    <subfield code="c">UOK</subfield>
    <subfield code="e">rda</subfield>
    <subfield code="d">LNC</subfield>
    <subfield code="d">TNH</subfield>
    <subfield code="d">OCLCO</subfield>
    <subfield code="d">NZAUC</subfield>
    <subfield code="d">OCLCO</subfield>
    <subfield code="d">OCLCF</subfield>
    <subfield code="d">BDX</subfield>
    <subfield code="d">INR</subfield>
    <subfield code="d">DLC</subfield>
  </datafield>
  <datafield tag="042" ind1=" " ind2=" ">
    <subfield code="a">lccopycat</subfield>
  </datafield>
  <datafield tag="043" ind1=" " ind2=" ">
    <subfield code="a">n-us-il</subfield>
  </datafield>
  <datafield tag="050" ind1="0" ind2="0">
    <subfield code="a">PS3603.O9237</subfield>
    <subfield code="b">V45 2019</subfield>
  </datafield>
  <datafield tag="082" ind1="0" ind2="4">
    <subfield code="a">813/.6</subfield>
    <subfield code="2">23</subfield>
  </datafield>
  <datafield tag="100" ind1="1" ind2=" ">
    <subfield code="a">Cox, Michelle</subfield>
    <subfield code="c">(Historical fiction writer),</subfield>
    <subfield code="e">author.</subfield>
  </datafield>
  <datafield tag="245" ind1="1" ind2="2">
    <subfield code="a">A veil removed /</subfield>
    <subfield code="c">Michelle Cox.</subfield>
  </datafield>
  <datafield tag="264" ind1=" " ind2="1">
    <subfield code="a">Berkeley, CA :</subfield>
    <subfield code="b">She Writes Press,</subfield>
    <subfield code="c">2019.</subfield>
  </datafield>
  <datafield tag="300" ind1=" " ind2=" ">
    <subfield code="a">390 pages ;</subfield>
    <subfield code="c">22 cm.</subfield>
  </datafield>
  <datafield tag="336" ind1=" " ind2=" ">
    <subfield code="a">text</subfield>
    <subfield code="b">txt</subfield>
    <subfield code="2">rdacontent</subfield>
  </datafield>
  <datafield tag="337" ind1=" " ind2=" ">
    <subfield code="a">unmediated</subfield>
    <subfield code="b">n</subfield>
    <subfield code="2">rdamedia</subfield>
  </datafield>
  <datafield tag="338" ind1=" " ind2=" ">
    <subfield code="a">volume</subfield>
    <subfield code="b">nc</subfield>
    <subfield code="2">rdacarrier</subfield>
  </datafield>
  <datafield tag="490" ind1="1" ind2=" ">
    <subfield code="a">A Henrietta and Inspector Howard novel ;</subfield>
    <subfield code="v">book 4</subfield>
  </datafield>
  <datafield tag="500" ind1=" " ind2=" ">
    <subfield code="a">Sequel to: A promise given.</subfield>
  </datafield>
  <datafield tag="520" ind1=" " ind2=" ">
    <subfield code="a">&quot;In this fourth book of the series, Clive and Henrietta return to Highbury, where Clive discovers all is not as it should be. Increasingly convinced that his father&apos;s death was not an accident, Clive launches an investigation, despite his mother&apos;s belief that he has become &apos;mentally disturbed&apos; with grief. Henrietta eventually joins forces with Clive on their first real case, which, as they unravel the truth behind Alcott&apos;s worrisome affairs, becomes darker--and deadlier--than they first imagined. Meanwhile, Henrietta&apos;s sister, Elsie, begins to take classes at a women&apos;s college in an attempt to evade her many troubles. When she meets a bookish German custodian, however, he challenges her to think for herself... even as she discovers some shocking secrets about his past life.&quot;--Page 4 of cover.</subfield>
  </datafield>
  <datafield tag="650" ind1=" " ind2="0">
    <subfield code="a">Couples</subfield>
    <subfield code="v">Fiction.</subfield>
  </datafield>
  <datafield tag="650" ind1=" " ind2="0">
    <subfield code="a">Nineteen thirties</subfield>
    <subfield code="v">Fiction.</subfield>
  </datafield>
  <datafield tag="650" ind1=" " ind2="0">
    <subfield code="a">Murder</subfield>
    <subfield code="x">Investigation</subfield>
    <subfield code="v">Fiction.</subfield>
  </datafield>
  <datafield tag="650" ind1=" " ind2="0">
    <subfield code="a">Women&apos;s colleges</subfield>
    <subfield code="v">Fiction.</subfield>
  </datafield>
  <datafield tag="651" ind1=" " ind2="0">
    <subfield code="a">Chicago (Ill.)</subfield>
    <subfield code="x">History</subfield>
    <subfield code="y">20th century</subfield>
    <subfield code="v">Fiction.</subfield>
  </datafield>
  <datafield tag="650" ind1=" " ind2="7">
    <subfield code="a">Couples.</subfield>
    <subfield code="2">fast</subfield>
    <subfield code="0">(OCoLC)fst00881567</subfield>
  </datafield>
  <datafield tag="650" ind1=" " ind2="7">
    <subfield code="a">Murder</subfield>
    <subfield code="x">Investigation.</subfield>
    <subfield code="2">fast</subfield>
    <subfield code="0">(OCoLC)fst01029788</subfield>
  </datafield>
  <datafield tag="650" ind1=" " ind2="7">
    <subfield code="a">Nineteen thirties.</subfield>
    <subfield code="2">fast</subfield>
    <subfield code="0">(OCoLC)fst01037830</subfield>
  </datafield>
  <datafield tag="650" ind1=" " ind2="7">
    <subfield code="a">Women&apos;s colleges.</subfield>
    <subfield code="2">fast</subfield>
    <subfield code="0">(OCoLC)fst01178716</subfield>
  </datafield>
  <datafield tag="651" ind1=" " ind2="7">
    <subfield code="a">Illinois</subfield>
    <subfield code="z">Chicago.</subfield>
    <subfield code="2">fast</subfield>
    <subfield code="0">(OCoLC)fst01204048</subfield>
  </datafield>
  <datafield tag="648" ind1=" " ind2="7">
    <subfield code="a">1900-1999</subfield>
    <subfield code="2">fast</subfield>
  </datafield>
  <datafield tag="655" ind1=" " ind2="7">
    <subfield code="a">Detective and mystery fiction.</subfield>
    <subfield code="2">fast</subfield>
    <subfield code="0">(OCoLC)fst01726581</subfield>
  </datafield>
  <datafield tag="655" ind1=" " ind2="7">
    <subfield code="a">Fiction.</subfield>
    <subfield code="2">fast</subfield>
    <subfield code="0">(OCoLC)fst01423787</subfield>
  </datafield>
  <datafield tag="655" ind1=" " ind2="7">
    <subfield code="a">Historical fiction.</subfield>
    <subfield code="2">fast</subfield>
    <subfield code="0">(OCoLC)fst01726640</subfield>
  </datafield>
  <datafield tag="655" ind1=" " ind2="7">
    <subfield code="a">History.</subfield>
    <subfield code="2">fast</subfield>
    <subfield code="0">(OCoLC)fst01411628</subfield>
  </datafield>
  <datafield tag="655" ind1=" " ind2="7">
    <subfield code="a">Historical fiction.</subfield>
    <subfield code="2">gsafd</subfield>
  </datafield>
  <datafield tag="655" ind1=" " ind2="7">
    <subfield code="a">Mystery fiction.</subfield>
    <subfield code="2">gsafd</subfield>
  </datafield>
  <datafield tag="655" ind1=" " ind2="7">
    <subfield code="a">Detective and mystery fiction.</subfield>
    <subfield code="2">lcgft</subfield>
  </datafield>
  <datafield tag="655" ind1=" " ind2="7">
    <subfield code="a">Historical fiction.</subfield>
    <subfield code="2">lcgft</subfield>
  </datafield>
  <datafield tag="800" ind1="1" ind2=" ">
    <subfield code="a">Cox, Michelle</subfield>
    <subfield code="c">(Historical fiction writer).</subfield>
    <subfield code="t">Henrietta and Inspector Howard novel ;</subfield>
    <subfield code="v">4.</subfield>
  </datafield>
</record>