
<record>
  <leader>02846cam a2200541 i 4500</leader>
  <controlfield tag="001">20756883</controlfield>
  <controlfield tag="005">20200103170156.0</controlfield>
  <controlfield tag="008">181127m20179999sz       b    001 0 fre d</controlfield>
  <datafield tag="906" ind1=" " ind2=" ">
    <subfield code="a">7</subfield>
    <subfield code="b">cbc</subfield>
    <subfield code="c">copycat</subfield>
    <subfield code="d">3</subfield>
    <subfield code="e">ncip</subfield>
    <subfield code="f">20</subfield>
    <subfield code="g">y-gencatlg</subfield>
  </datafield>
  <datafield tag="925" ind1="0" ind2=" ">
    <subfield code="a">acquire</subfield>
    <subfield code="b">1 shelf copies</subfield>
    <subfield code="x">policy default</subfield>
  </datafield>
  <datafield tag="955" ind1=" " ind2=" ">
    <subfield code="b">ff12 2018-11-27 z-processor</subfield>
    <subfield code="i">ff12 2018-11-27 (v. 1-2) to CALM</subfield>
    <subfield code="c">ff12  2020-01-03 (v. 3 added)</subfield>
  </datafield>
  <datafield tag="955" ind1=" " ind2=" ">
    <subfield code="a">xn16 2019-10-16 ADDED VOLS: v. 3 to USASH</subfield>
  </datafield>
  <datafield tag="010" ind1=" " ind2=" ">
    <subfield code="a">  2018380189</subfield>
  </datafield>
  <datafield tag="016" ind1="7" ind2=" ">
    <subfield code="a">1132722322</subfield>
    <subfield code="2">DE-101</subfield>
  </datafield>
  <datafield tag="020" ind1=" " ind2=" ">
    <subfield code="a">9782807602991</subfield>
    <subfield code="q">(v. 1 ;</subfield>
    <subfield code="q">hd. bd.)</subfield>
  </datafield>
  <datafield tag="020" ind1=" " ind2=" ">
    <subfield code="a">2807602991</subfield>
    <subfield code="q">(v. 1 ;</subfield>
    <subfield code="q">hd. bd.)</subfield>
  </datafield>
  <datafield tag="020" ind1=" " ind2=" ">
    <subfield code="a">9782807605763</subfield>
    <subfield code="q">(v. 2 ;</subfield>
    <subfield code="q">hd. bd.)</subfield>
  </datafield>
  <datafield tag="020" ind1=" " ind2=" ">
    <subfield code="a">9782807608771</subfield>
    <subfield code="q">(v. 3 ;</subfield>
    <subfield code="q">hd. bd.)</subfield>
  </datafield>
  <datafield tag="020" ind1=" " ind2=" ">
    <subfield code="z">9782807603912</subfield>
    <subfield code="q">(PDF ;</subfield>
    <subfield code="q">online)</subfield>
  </datafield>
  <datafield tag="035" ind1=" " ind2=" ">
    <subfield code="a">(OCoLC)on1022943313</subfield>
  </datafield>
  <datafield tag="040" ind1=" " ind2=" ">
    <subfield code="a">OHX</subfield>
    <subfield code="b">eng</subfield>
    <subfield code="c">OHX</subfield>
    <subfield code="d">OCLCQ</subfield>
    <subfield code="d">LHM</subfield>
    <subfield code="d">OCLCF</subfield>
    <subfield code="d">DLC</subfield>
    <subfield code="e">rda</subfield>
  </datafield>
  <datafield tag="041" ind1="0" ind2=" ">
    <subfield code="a">fre</subfield>
    <subfield code="a">ger</subfield>
  </datafield>
  <datafield tag="042" ind1=" " ind2=" ">
    <subfield code="a">lccopycat</subfield>
  </datafield>
  <datafield tag="043" ind1=" " ind2=" ">
    <subfield code="a">e------</subfield>
  </datafield>
  <datafield tag="072" ind1=" " ind2="7">
    <subfield code="a">D</subfield>
    <subfield code="2">lcco</subfield>
  </datafield>
  <datafield tag="050" ind1="0" ind2="0">
    <subfield code="a">DD256.5</subfield>
    <subfield code="b">.C6458 2017</subfield>
  </datafield>
  <datafield tag="245" ind1="0" ind2="0">
    <subfield code="a">Confrontations au national-socialisme en Europe francophone et germanophone (1919-1949) =</subfield>
    <subfield code="b">Auseinandersetzungen mit dem Nationalsozialismus im deutsch- und französischsprachigen Europa (1919-1949).</subfield>
  </datafield>
  <datafield tag="246" ind1="3" ind2="1">
    <subfield code="a">Auseinandersetzungen mit dem Nationalsozialismus im deutsch- und französischsprachigen Europa (1919-1949)</subfield>
  </datafield>
  <datafield tag="260" ind1=" " ind2=" ">
    <subfield code="a">Bern :</subfield>
    <subfield code="b">Peter Lang,</subfield>
    <subfield code="c">[2017]-&lt; [2019]&gt;</subfield>
  </datafield>
  <datafield tag="300" ind1=" " ind2=" ">
    <subfield code="a">volumes &lt;1-3  &gt; ;</subfield>
    <subfield code="c">23 cm</subfield>
  </datafield>
  <datafield tag="336" ind1=" " ind2=" ">
    <subfield code="a">text</subfield>
    <subfield code="b">txt</subfield>
    <subfield code="2">rdacontent</subfield>
  </datafield>
  <datafield tag="337" ind1=" " ind2=" ">
    <subfield code="a">unmediated</subfield>
    <subfield code="b">n</subfield>
    <subfield code="2">rdamedia</subfield>
  </datafield>
  <datafield tag="338" ind1=" " ind2=" ">
    <subfield code="a">volume</subfield>
    <subfield code="b">nc</subfield>
    <subfield code="2">rdacarrier</subfield>
  </datafield>
  <datafield tag="490" ind1="1" ind2=" ">
    <subfield code="a">Convergences ;</subfield>
    <subfield code="v">volume &lt;88, 93, 97  &gt;</subfield>
  </datafield>
  <datafield tag="500" ind1=" " ind2=" ">
    <subfield code="a">Complete in 6 v.</subfield>
  </datafield>
  <datafield tag="504" ind1=" " ind2=" ">
    <subfield code="a">Includes bibliographical references and index.</subfield>
  </datafield>
  <datafield tag="505" ind1="0" ind2=" ">
    <subfield code="a">volume 1. Introduction générale : savoirs et opinions publiques = Allgemeine historische und methodische Grundlagen / études réunies par Olivier Dard, Michel Grunewald, Reiner Marcowitz, Uwe Puschner -- volume 2. Les libéraux, modérés et européistes = Die Liberalen, Modérés und Proeuropäer / études réunies par Olivier Dard, Michel Grunewald, Uwe Puschner -- volume 3. Les gauches face au National-Socialisme = Die Linke und der Nationalsozialismus / études réunies par Nicolas Patin et Dominique Pinsolle.</subfield>
  </datafield>
  <datafield tag="650" ind1=" " ind2="0">
    <subfield code="a">National socialism</subfield>
    <subfield code="z">Europe</subfield>
    <subfield code="x">History.</subfield>
  </datafield>
  <datafield tag="650" ind1=" " ind2="0">
    <subfield code="a">National socialism</subfield>
    <subfield code="z">Europe, French-speaking.</subfield>
  </datafield>
  <datafield tag="650" ind1=" " ind2="0">
    <subfield code="a">National socialism</subfield>
    <subfield code="z">Europe, German-speaking.</subfield>
  </datafield>
  <datafield tag="651" ind1=" " ind2="0">
    <subfield code="a">Europe</subfield>
    <subfield code="x">History</subfield>
    <subfield code="y">20th century.</subfield>
  </datafield>
  <datafield tag="700" ind1="1" ind2=" ">
    <subfield code="a">Dard, Olivier,</subfield>
    <subfield code="e">editor</subfield>
  </datafield>
  <datafield tag="700" ind1="1" ind2=" ">
    <subfield code="a">Grunewald, Michel,</subfield>
    <subfield code="d">1942-</subfield>
    <subfield code="e">editor</subfield>
  </datafield>
  <datafield tag="700" ind1="1" ind2=" ">
    <subfield code="a">Puschner, Uwe,</subfield>
    <subfield code="e">editor</subfield>
  </datafield>
  <datafield tag="776" ind1="0" ind2=" ">
    <subfield code="z">9782807603912</subfield>
  </datafield>
  <datafield tag="776" ind1="0" ind2=" ">
    <subfield code="w">(GyWOH)har170399600</subfield>
  </datafield>
  <datafield tag="830" ind1=" " ind2="0">
    <subfield code="a">Convergences (Université de Metz. Centre d&apos;étude des périodiques de langue allemande) ;</subfield>
    <subfield code="v">v. 88, etc.</subfield>
  </datafield>
  <datafield tag="856" ind1="4" ind2="2">
    <subfield code="a">https://d-nb.info/1132722322/04</subfield>
    <subfield code="z">Table of contents from Deutsche Nationalbibliothek (v.1 )</subfield>
  </datafield>
</record>