
<record>
  <leader>04025cam a22003978i 4500</leader>
  <controlfield tag="001">20761734</controlfield>
  <controlfield tag="005">20200103142057.0</controlfield>
  <controlfield tag="008">181130s2019    enk      b    001 0 eng  </controlfield>
  <datafield tag="906" ind1=" " ind2=" ">
    <subfield code="a">0</subfield>
    <subfield code="b">vip</subfield>
    <subfield code="c">orignew</subfield>
    <subfield code="d">1</subfield>
    <subfield code="e">ecip</subfield>
    <subfield code="f">20</subfield>
    <subfield code="g">y-gencatlg</subfield>
  </datafield>
  <datafield tag="925" ind1="0" ind2=" ">
    <subfield code="a">acquire</subfield>
    <subfield code="b">1 shelf copy</subfield>
    <subfield code="x">policy default</subfield>
  </datafield>
  <datafield tag="955" ind1=" " ind2=" ">
    <subfield code="b">xg08 2018-11-30</subfield>
    <subfield code="i">xg08 2018-11-30 ONIX</subfield>
    <subfield code="e">xg13 2018-12-03 to Dewey</subfield>
    <subfield code="w">xm06 2018-12-03</subfield>
    <subfield code="a">xg34 2020-01-03 1 copy rec&apos;d., to CIP ver.</subfield>
  </datafield>
  <datafield tag="010" ind1=" " ind2=" ">
    <subfield code="a">  2018057412</subfield>
  </datafield>
  <datafield tag="020" ind1=" " ind2=" ">
    <subfield code="a">9781509921416 (hardback)</subfield>
  </datafield>
  <datafield tag="040" ind1=" " ind2=" ">
    <subfield code="a">DLC</subfield>
    <subfield code="b">eng</subfield>
    <subfield code="c">DLC</subfield>
    <subfield code="e">rda</subfield>
  </datafield>
  <datafield tag="042" ind1=" " ind2=" ">
    <subfield code="a">pcc</subfield>
  </datafield>
  <datafield tag="050" ind1="0" ind2="0">
    <subfield code="a">K5121</subfield>
    <subfield code="b">.P736 2019</subfield>
  </datafield>
  <datafield tag="082" ind1="0" ind2="0">
    <subfield code="a">345/.0772</subfield>
    <subfield code="2">23</subfield>
  </datafield>
  <datafield tag="084" ind1=" " ind2=" ">
    <subfield code="a">LAW026000</subfield>
    <subfield code="2">bisacsh</subfield>
  </datafield>
  <datafield tag="245" ind1="0" ind2="0">
    <subfield code="a">Predictive sentencing :</subfield>
    <subfield code="b">normative and empirical perspectives /</subfield>
    <subfield code="c">edited by Jan W de Keijser, Julian V Roberts, Jesper Ryberg.</subfield>
  </datafield>
  <datafield tag="263" ind1=" " ind2=" ">
    <subfield code="a">1111</subfield>
  </datafield>
  <datafield tag="264" ind1=" " ind2="1">
    <subfield code="a">Oxford, UK ;</subfield>
    <subfield code="a">Chicago, Illinois  :</subfield>
    <subfield code="b">Hart Publishing,</subfield>
    <subfield code="c">2019.</subfield>
  </datafield>
  <datafield tag="300" ind1=" " ind2=" ">
    <subfield code="a">pages cm</subfield>
  </datafield>
  <datafield tag="336" ind1=" " ind2=" ">
    <subfield code="a">text</subfield>
    <subfield code="b">txt</subfield>
    <subfield code="2">rdacontent</subfield>
  </datafield>
  <datafield tag="337" ind1=" " ind2=" ">
    <subfield code="a">unmediated</subfield>
    <subfield code="b">n</subfield>
    <subfield code="2">rdamedia</subfield>
  </datafield>
  <datafield tag="338" ind1=" " ind2=" ">
    <subfield code="a">volume</subfield>
    <subfield code="b">nc</subfield>
    <subfield code="2">rdacarrier</subfield>
  </datafield>
  <datafield tag="504" ind1=" " ind2=" ">
    <subfield code="a">Includes bibliographical references and index.</subfield>
  </datafield>
  <datafield tag="505" ind1="0" ind2=" ">
    <subfield code="a">Introduction : normative and empirical perspectives on predictive sentencing / Jan W de Keijser, Julian V Roberts and Jesper Ryberg -- The use of risk assessment in sentencing / Esther FJC van Ginneken -- Why legal philosophers (including retributivists) should be less resistant to risk-based sentencing / Douglas Husak -- Risk and retribution : on the possibility of reconciling considerations of dangerousness and desert / Jesper Ryberg -- Is preventive detention morally worse than quarantine? / Thomas Douglas -- Against incapacitative punishment / Zachary Hoskins -- A defence of modern risk-based sentencing / Christopher Slobogin -- Some dilemmas of indeterminate sentences : risk and uncertainty, dignity and hope / Andrew Ashworth and Lucia Zedner -- The problematic role of prior record enhancements in predictive sentencing / Julian V Roberts and Richard S Frase -- Unpacking sentencing algorithms : risk, racial accountability, and data harms / Kelly Hannah-Moffat and Kelly Struthers Montford -- The scientific validity of current approaches to violence and criminal risk assessment / Seena Fazel -- Risk assessment at sentencing : the Ppennsylvania experience / Rhys Hester -- Predictive sentencing : an analysis of public views / Jan W de Keijser and Sigrid van Wingerden -- Sentencing and prediction : old wine in old bottles / Michael Tonry.</subfield>
  </datafield>
  <datafield tag="520" ind1=" " ind2=" ">
    <subfield code="a">&quot;The volume addresses the role of risk assessment in contemporary sentencing practices. Predictive sentencing has become so deeply ingrained in Western criminal justice decision making that despite early ethical discussions about selective incapacitation, it currently attracts little critique. Nor has it been subjected to a thorough normative and empirical scrutiny. This is problematic since much current policy and practice concerning risk predictions is inconsistent with mainstream theories of punishment. Moreover, predictive sentencing exacerbates discrimination and disparity in sentencing. Although structured risk assessments may have replaced &apos;gut feelings&apos;, and have now been systematically implemented in western justice systems, the fundamental issues and questions that surround the use of risk assessment instruments at sentencing remain unresolved. This volume critically evaluates these issues and will be of great interest to scholars of criminal justice and criminology working in the area&quot;--</subfield>
    <subfield code="c">Provided by publisher.</subfield>
  </datafield>
  <datafield tag="650" ind1=" " ind2="0">
    <subfield code="a">Sentences (Criminal procedure)</subfield>
  </datafield>
  <datafield tag="650" ind1=" " ind2="7">
    <subfield code="a">LAW / Criminal Law / General.</subfield>
    <subfield code="2">bisacsh</subfield>
  </datafield>
  <datafield tag="653" ind1=" " ind2=" ">
    <subfield code="a">Predictive sentencing</subfield>
  </datafield>
  <datafield tag="700" ind1="1" ind2=" ">
    <subfield code="a">Keijser, Jan Willem de,</subfield>
    <subfield code="d">1968-</subfield>
    <subfield code="e">editor.</subfield>
  </datafield>
  <datafield tag="700" ind1="1" ind2=" ">
    <subfield code="a">Roberts, Julian V.,</subfield>
    <subfield code="e">editor.</subfield>
  </datafield>
  <datafield tag="700" ind1="1" ind2=" ">
    <subfield code="a">Ryberg, Jesper,</subfield>
    <subfield code="e">editor.</subfield>
  </datafield>
  <datafield tag="776" ind1="0" ind2="8">
    <subfield code="i">Online version:</subfield>
    <subfield code="t">Predictive sentencing</subfield>
    <subfield code="d">Oxford, UK ; Chicago, Illinois  : Hart Publishing, 2019</subfield>
    <subfield code="z">9781509921423</subfield>
    <subfield code="w">(DLC) 2018057924</subfield>
  </datafield>
  <datafield tag="963" ind1=" " ind2=" ">
    <subfield code="a">Rosemarie Mearns; phone: 44-1865598648; email: RosemarieM@hartpub.co.uk; bc: lucy.brown@bloomsbury.com</subfield>
  </datafield>
</record>