
<record>
  <leader>04312cam a2200409 i 4500</leader>
  <controlfield tag="001">20764114</controlfield>
  <controlfield tag="005">20200103132007.0</controlfield>
  <controlfield tag="008">181025s2019    miu      b   s001 0 eng c</controlfield>
  <datafield tag="906" ind1=" " ind2=" ">
    <subfield code="a">7</subfield>
    <subfield code="b">cbc</subfield>
    <subfield code="c">orignew</subfield>
    <subfield code="d">1</subfield>
    <subfield code="e">ecip</subfield>
    <subfield code="f">20</subfield>
    <subfield code="g">y-gencatlg</subfield>
  </datafield>
  <datafield tag="925" ind1="0" ind2=" ">
    <subfield code="a">acquire</subfield>
    <subfield code="b">1 shelf copy</subfield>
    <subfield code="x">policy default</subfield>
  </datafield>
  <datafield tag="955" ind1=" " ind2=" ">
    <subfield code="a">LBSOR</subfield>
    <subfield code="d">re23 2019-03-18 (telework) to Dewey</subfield>
    <subfield code="w">xm06 2019-03-18</subfield>
    <subfield code="a">xn11 2019-06-14 1 copy rec&apos;d., to CIP ver.</subfield>
    <subfield code="f">re24 2019-06-28 to CALM</subfield>
    <subfield code="a">td14 2020-01-03 class proposal preapproved (galley passed Policy by)</subfield>
  </datafield>
  <datafield tag="010" ind1=" " ind2=" ">
    <subfield code="a">  2018050261</subfield>
  </datafield>
  <datafield tag="020" ind1=" " ind2=" ">
    <subfield code="a">9780472131211 (hardcover : alk. paper)</subfield>
  </datafield>
  <datafield tag="020" ind1=" " ind2=" ">
    <subfield code="z">9780472124671 (ebk.)</subfield>
  </datafield>
  <datafield tag="040" ind1=" " ind2=" ">
    <subfield code="a">LBSOR/DLC</subfield>
    <subfield code="b">eng</subfield>
    <subfield code="c">LBSOR</subfield>
    <subfield code="e">rda</subfield>
    <subfield code="d">DLC</subfield>
  </datafield>
  <datafield tag="042" ind1=" " ind2=" ">
    <subfield code="a">pcc</subfield>
  </datafield>
  <datafield tag="050" ind1="0" ind2="0">
    <subfield code="a">JF2112.C37</subfield>
    <subfield code="b">P37 2019</subfield>
  </datafield>
  <datafield tag="082" ind1="0" ind2="0">
    <subfield code="a">324.7</subfield>
    <subfield code="2">23</subfield>
  </datafield>
  <datafield tag="245" ind1="0" ind2="0">
    <subfield code="a">Party mandates and democracy :</subfield>
    <subfield code="b">making, breaking, and keeping election pledges in twelve countries /</subfield>
    <subfield code="c">edited by Elin Naurin, Terry J. Royed, and Robert Thomson.</subfield>
  </datafield>
  <datafield tag="264" ind1=" " ind2="1">
    <subfield code="a">Ann Arbor, MI :</subfield>
    <subfield code="b">University of Michigan Press,</subfield>
    <subfield code="c">2019.</subfield>
  </datafield>
  <datafield tag="300" ind1=" " ind2=" ">
    <subfield code="a">ix, 358 pages ;</subfield>
    <subfield code="c">24 cm.</subfield>
  </datafield>
  <datafield tag="336" ind1=" " ind2=" ">
    <subfield code="a">text</subfield>
    <subfield code="2">rdacontent</subfield>
  </datafield>
  <datafield tag="337" ind1=" " ind2=" ">
    <subfield code="a">unmediated</subfield>
    <subfield code="2">rdamedia</subfield>
  </datafield>
  <datafield tag="338" ind1=" " ind2=" ">
    <subfield code="a">volume</subfield>
    <subfield code="2">rdacarrier</subfield>
  </datafield>
  <datafield tag="490" ind1="0" ind2=" ">
    <subfield code="a">New comparative politics</subfield>
  </datafield>
  <datafield tag="520" ind1=" " ind2=" ">
    <subfield code="a">&quot;When people discuss politics, they often mention the promises made by politicians during election campaigns. Promises raise hopes and expectations that positive policy changes are possible, but people are generally skeptical of these promises. Party Mandates and Democracy focuses specifically on the extent to which and conditions under which governments fulfill the promises made by parties during election campaigns - and finds that contrary to conventional wisdom, in most countries most of the time, a majority of pledges--and sometimes a large majority--are fulfilled. The fulfillment of parties&apos; election pledges is an essential part of the democratic process. This book is, however, the first major and genuinely comparative study of the topic across a broad range of countries and elections, including the US, Canada, nine Western European countries, and Bulgaria. In order to facilitate valid cross-national comparison, individual country case studies were tightly coordinated in terms of definitions of pledges and assessment of fulfillment. A number of explanations of variation in pledge fulfillment across countries are explored. The presence of power-sharing arrangements between governing parties is found to be an important factor; the book thus adds to the considerable body of literature on the impact of alternative democratic institutions on a variety of outcomes&quot;--</subfield>
    <subfield code="c">Provided by publisher.</subfield>
  </datafield>
  <datafield tag="504" ind1=" " ind2=" ">
    <subfield code="a">Includes bibliographical references (pages 315-341) and index.</subfield>
  </datafield>
  <datafield tag="505" ind1="0" ind2=" ">
    <subfield code="a">Why comparative research on the fulfillment of election pledges matters / Elin Naurin, Terry J. Royed, and Robert Thomson -- A systematic research design for studying the fulfillment of election pledges / Terry J. Royed, Elin Naurin, and Robert Thomson -- The pledges that parties make: a comparative analysis / Robert Thomson, Elin Naurin, and Terry J. Royed -- A comparative analysis of pledge fulfillment / Robert Thomson, Elin Naurin, and Terry J. Royed -- The United Kingdom / Terry J. Royed -- The United States / Terry J. Royed, J. Norman Baldwin, and Stephen A. Borrelli -- Canada / François Pétry and Dominic Duval -- Spain / Joaquin Artés -- Portugal / Marco Lisi, Catherine Moury, and Ana M. Belchior -- Sweden / Elin Naurin -- Ireland / Robert Thomson, Rory Costello, and Edwina Love -- Italy / Catherine Moury, Nicolò Conti, and Jorge M. Fernandes -- Germany / Mark J. Ferguson -- Austria / Katrin Praprotnik and Laurenz Ennser-Jedenastik -- The Netherlands / Robert Thomson -- Bulgaria / Petia Kostadinova -- Making and keeping pledges: what we have learned / Terry J. Royed, Elin Naurin, and Robert Thomson.</subfield>
  </datafield>
  <datafield tag="650" ind1=" " ind2="0">
    <subfield code="a">Campaign promises</subfield>
    <subfield code="v">Case studies.</subfield>
  </datafield>
  <datafield tag="650" ind1=" " ind2="0">
    <subfield code="a">Political campaigns</subfield>
    <subfield code="v">Case studies.</subfield>
  </datafield>
  <datafield tag="650" ind1=" " ind2="0">
    <subfield code="a">Political parties</subfield>
    <subfield code="v">Case studies.</subfield>
  </datafield>
  <datafield tag="650" ind1=" " ind2="0">
    <subfield code="a">Comparative government.</subfield>
  </datafield>
  <datafield tag="700" ind1="1" ind2=" ">
    <subfield code="a">Naurin, Elin,</subfield>
    <subfield code="d">1975-</subfield>
    <subfield code="e">editor.</subfield>
  </datafield>
  <datafield tag="700" ind1="1" ind2=" ">
    <subfield code="a">Royed, Terry J.,</subfield>
    <subfield code="d">1959-</subfield>
    <subfield code="e">editor.</subfield>
  </datafield>
  <datafield tag="700" ind1="1" ind2=" ">
    <subfield code="a">Thomson, Robert,</subfield>
    <subfield code="d">1972-</subfield>
    <subfield code="e">editor.</subfield>
  </datafield>
  <datafield tag="776" ind1="0" ind2="8">
    <subfield code="i">Online version:</subfield>
    <subfield code="t">Party mandates and democracy</subfield>
    <subfield code="d">Ann Arbor, MI : University of Michigan Press, 2019</subfield>
    <subfield code="z">9780472124671</subfield>
    <subfield code="w">(DLC) 2019013000</subfield>
  </datafield>
  <datafield tag="985" ind1=" " ind2=" ">
    <subfield code="a">LBSORCIP</subfield>
    <subfield code="d">2018-12-03</subfield>
  </datafield>
</record>