
<record>
  <leader>02781cam a2200337 i 4500</leader>
  <controlfield tag="001">20768372</controlfield>
  <controlfield tag="005">20200103131507.0</controlfield>
  <controlfield tag="008">181206s2019    cau      b    001 0 eng  </controlfield>
  <datafield tag="906" ind1=" " ind2=" ">
    <subfield code="a">7</subfield>
    <subfield code="b">cbc</subfield>
    <subfield code="c">orignew</subfield>
    <subfield code="d">1</subfield>
    <subfield code="e">ecip</subfield>
    <subfield code="f">20</subfield>
    <subfield code="g">y-gencatlg</subfield>
  </datafield>
  <datafield tag="925" ind1="0" ind2=" ">
    <subfield code="a">acquire</subfield>
    <subfield code="b">1 shelf copy</subfield>
    <subfield code="x">policy default</subfield>
  </datafield>
  <datafield tag="955" ind1=" " ind2=" ">
    <subfield code="b">rk14 2018-12-06</subfield>
    <subfield code="c">rk14 2018-12-06 telework to subj</subfield>
    <subfield code="d">re17 2019-01-28</subfield>
    <subfield code="a">re17 2019-02-05 to Sl</subfield>
    <subfield code="e">re24 2019-02-08 to Dewey</subfield>
    <subfield code="w">re09 2019-02-13 to CIP</subfield>
    <subfield code="a">re17 2019-03-13 CIP change request</subfield>
    <subfield code="a">xn11 2019-08-02 1 copy rec&apos;d., to CIP ver.</subfield>
    <subfield code="a">re13 2019-08-08 for telework</subfield>
    <subfield code="f">re13 2019-08-09 Copy 1 to Calm</subfield>
  </datafield>
  <datafield tag="010" ind1=" " ind2=" ">
    <subfield code="a">  2018057267</subfield>
  </datafield>
  <datafield tag="020" ind1=" " ind2=" ">
    <subfield code="a">9781544342078</subfield>
    <subfield code="q">(pbk. : alk. paper)</subfield>
  </datafield>
  <datafield tag="040" ind1=" " ind2=" ">
    <subfield code="a">DLC</subfield>
    <subfield code="b">eng</subfield>
    <subfield code="c">DLC</subfield>
    <subfield code="e">rda</subfield>
    <subfield code="d">DLC</subfield>
  </datafield>
  <datafield tag="042" ind1=" " ind2=" ">
    <subfield code="a">pcc</subfield>
  </datafield>
  <datafield tag="043" ind1=" " ind2=" ">
    <subfield code="a">n-us---</subfield>
  </datafield>
  <datafield tag="050" ind1="0" ind2="0">
    <subfield code="a">LB1620.5</subfield>
    <subfield code="b">.H395 2019</subfield>
  </datafield>
  <datafield tag="082" ind1="0" ind2="0">
    <subfield code="a">373.14</subfield>
    <subfield code="2">23</subfield>
  </datafield>
  <datafield tag="100" ind1="1" ind2=" ">
    <subfield code="a">Hatch, Trish,</subfield>
    <subfield code="e">author.</subfield>
  </datafield>
  <datafield tag="245" ind1="1" ind2="0">
    <subfield code="a">Hatching results for secondary school counseling :</subfield>
    <subfield code="b">implementing core curriculum, individual student planning, and other tier one activities /</subfield>
    <subfield code="c">Trish Hatch, Whitney Triplett, Danielle Duarte, and Vanessa Gomez ; Foreword by Carl A. Cohn.</subfield>
  </datafield>
  <datafield tag="264" ind1=" " ind2="1">
    <subfield code="a">Thousand Oaks, California :</subfield>
    <subfield code="b">Corwin,</subfield>
    <subfield code="c">[2019]</subfield>
  </datafield>
  <datafield tag="300" ind1=" " ind2=" ">
    <subfield code="a">xvii, 361 pages ;</subfield>
    <subfield code="c">28 cm</subfield>
  </datafield>
  <datafield tag="336" ind1=" " ind2=" ">
    <subfield code="a">text</subfield>
    <subfield code="b">txt</subfield>
    <subfield code="2">rdacontent</subfield>
  </datafield>
  <datafield tag="337" ind1=" " ind2=" ">
    <subfield code="a">unmediated</subfield>
    <subfield code="b">n</subfield>
    <subfield code="2">rdamedia</subfield>
  </datafield>
  <datafield tag="338" ind1=" " ind2=" ">
    <subfield code="a">volume</subfield>
    <subfield code="b">nc</subfield>
    <subfield code="2">rdacarrier</subfield>
  </datafield>
  <datafield tag="504" ind1=" " ind2=" ">
    <subfield code="a">Includes bibliographical references and index.</subfield>
  </datafield>
  <datafield tag="520" ind1=" " ind2=" ">
    <subfield code="a">&quot;Hatching Your Secondary School Counseling Program provides secondary school counselors with a hands-on guide to create and implement high-quality universal, tier one school counseling systems of support at the secondary level. It includes specific information and examples to directly support secondary school counselors as they implement universal tier one activities to support the developmental needs of all students. These activities include core curriculum lessons, individual learning plans, and schoolwide activities that are developmental in scope and preventative in nature. By providing secondary school counselors with strong skills to teach core content (a major component of tier one), this book helps accomplish better outcomes for school counselors and students. When school counselors are competent in using data they can more accurately measure the impact of their services. Hatching Your Secondary School Counseling Program seeks to close school counselors&apos; knowledge and skill gaps on teaching, learning, and instruction, thereby accomplishing improved student outcomes in the areas of academic, social/emotional, and college and career development&quot;--</subfield>
    <subfield code="c">Provided by publisher.</subfield>
  </datafield>
  <datafield tag="650" ind1=" " ind2="0">
    <subfield code="a">Counseling in secondary education</subfield>
    <subfield code="z">United States.</subfield>
  </datafield>
  <datafield tag="650" ind1=" " ind2="0">
    <subfield code="a">Student counselors</subfield>
    <subfield code="z">United States.</subfield>
  </datafield>
  <datafield tag="650" ind1=" " ind2="0">
    <subfield code="a">Educational counseling</subfield>
    <subfield code="z">United States.</subfield>
  </datafield>
  <datafield tag="650" ind1=" " ind2="0">
    <subfield code="a">Common Core State Standards (Education)</subfield>
  </datafield>
</record>