
<record>
  <leader>03138cam a22003258i 4500</leader>
  <controlfield tag="001">20771025</controlfield>
  <controlfield tag="005">20200103092936.0</controlfield>
  <controlfield tag="008">181207s2019    nyu           000 0 eng  </controlfield>
  <datafield tag="906" ind1=" " ind2=" ">
    <subfield code="a">0</subfield>
    <subfield code="b">vip</subfield>
    <subfield code="c">orignew</subfield>
    <subfield code="d">1</subfield>
    <subfield code="e">ecip</subfield>
    <subfield code="f">20</subfield>
    <subfield code="g">y-gencatlg</subfield>
  </datafield>
  <datafield tag="925" ind1="0" ind2=" ">
    <subfield code="a">acquire</subfield>
    <subfield code="b">1 shelf copy</subfield>
    <subfield code="x">policy default</subfield>
  </datafield>
  <datafield tag="955" ind1=" " ind2=" ">
    <subfield code="b">rm13 2018-12-07</subfield>
    <subfield code="i">rm13 2018-12-07 (telework)</subfield>
    <subfield code="w">xm08 2018-12-10 (telework)</subfield>
    <subfield code="a">xn17 2019-07-16 1 copy rec&apos;d., to CIP ver.</subfield>
    <subfield code="a">rk20 2019-07-23 book received in ART</subfield>
  </datafield>
  <datafield tag="010" ind1=" " ind2=" ">
    <subfield code="a">  2018046798</subfield>
  </datafield>
  <datafield tag="020" ind1=" " ind2=" ">
    <subfield code="a">9780190873066 (hardcover : alk. paper)</subfield>
  </datafield>
  <datafield tag="040" ind1=" " ind2=" ">
    <subfield code="a">DLC</subfield>
    <subfield code="b">eng</subfield>
    <subfield code="c">DLC</subfield>
    <subfield code="e">rda</subfield>
  </datafield>
  <datafield tag="042" ind1=" " ind2=" ">
    <subfield code="a">pcc</subfield>
  </datafield>
  <datafield tag="050" ind1="0" ind2="0">
    <subfield code="a">BF697</subfield>
    <subfield code="b">.I3494 2019</subfield>
  </datafield>
  <datafield tag="082" ind1="0" ind2="0">
    <subfield code="a">155.2</subfield>
    <subfield code="2">23</subfield>
  </datafield>
  <datafield tag="245" ind1="0" ind2="0">
    <subfield code="a">Identities in everyday life /</subfield>
    <subfield code="c">edited by Jan E. Stets and Richard T. Serpe.</subfield>
  </datafield>
  <datafield tag="263" ind1=" " ind2=" ">
    <subfield code="a">1111</subfield>
  </datafield>
  <datafield tag="264" ind1=" " ind2="1">
    <subfield code="a">New York :</subfield>
    <subfield code="b">Oxford University Press,</subfield>
    <subfield code="c">[2019]</subfield>
  </datafield>
  <datafield tag="300" ind1=" " ind2=" ">
    <subfield code="a">pages cm</subfield>
  </datafield>
  <datafield tag="336" ind1=" " ind2=" ">
    <subfield code="a">text</subfield>
    <subfield code="b">txt</subfield>
    <subfield code="2">rdacontent</subfield>
  </datafield>
  <datafield tag="337" ind1=" " ind2=" ">
    <subfield code="a">unmediated</subfield>
    <subfield code="b">n</subfield>
    <subfield code="2">rdamedia</subfield>
  </datafield>
  <datafield tag="338" ind1=" " ind2=" ">
    <subfield code="a">volume</subfield>
    <subfield code="b">nc</subfield>
    <subfield code="2">rdacarrier</subfield>
  </datafield>
  <datafield tag="505" ind1="0" ind2=" ">
    <subfield code="a">Introduction -- Overview / Jan E. Stets and Richard T. Serpe -- Well-being -- Identity accumulation, verification, and well-being / Peter J. Burke and Christine Cerven -- Perceived similarity in identity meanings, identity verification, and positive emotions / Matthew Grindal and Ryan Trettevik -- Multiple identities and self-esteem / Richard T. Serpe and Fritz Yarrison, Jan E. Stets, and Sheldon Stryker -- Authenticity -- Authenticity and the religious identity / Philip S. Brenner -- Authenticity, digital media, and person identity verification / Jenny L. Davis -- Morality -- Toward a theory of moral identity development / John Aldecoa -- The moral identity and immoral behavior / Jan E. Stets and Kevin McCaffree -- Intersectional identities and stigma recovery : affective and cognitive responses to unethical prosocial events / Maria C. Ramos, Lynn Smith-Lovin, and Bethany Young -- Gender, racial, and sexuality issues -- Gender identity among u.s. adults / K. Jill Kiecolt, Michael Hughes, and Hans Momplaisir -- Racial identity and racial attitudes among white americans / Matthew O. Hunt and Ashely V. Reichelmann -- Racial exclusion and queer identity / Shaeleya Miller -- Identities and groups -- Identities meanings and categorical inequality / Kimberly B. Rogers -- Controlled, verified, and understood: status and identity in the field of higher education / Freda B. Lynn, Olga A. Novoselova, and Graham N. S. Miller -- Identity formation in street demonstrations / Hert Klandermans and Jacquelien van Stekelenburg -- Identities over the life course -- The nature of the ballet and hip-hop dancer identity / Melanie Kushida -- The role of signification others in shaping fathers&apos; identities and behavior / Jessica L. Collett, Kelcie Vercel, and Kayla D. R. Pierce -- Identity and the self in elderly adults with alzheimer&apos;s disease / Linda Francis, Richard E. Adams, Alexandra Konig, and Jesse Hoey.</subfield>
  </datafield>
  <datafield tag="650" ind1=" " ind2="0">
    <subfield code="a">Identity (Psychology)</subfield>
  </datafield>
  <datafield tag="650" ind1=" " ind2="0">
    <subfield code="a">Group identity.</subfield>
  </datafield>
  <datafield tag="700" ind1="1" ind2=" ">
    <subfield code="a">Stets, Jan E.,</subfield>
    <subfield code="e">editor.</subfield>
  </datafield>
  <datafield tag="700" ind1="1" ind2=" ">
    <subfield code="a">Serpe, Richard T.,</subfield>
    <subfield code="d">1949-</subfield>
    <subfield code="e">editor.</subfield>
  </datafield>
  <datafield tag="963" ind1=" " ind2=" ">
    <subfield code="a">Katharine Pratt; phone: 212-743-8280; email: Katharine.Pratt@oup.com; bc: katie.tunkavige@oup.com</subfield>
  </datafield>
</record>