
<record>
  <leader>02971cam a22004575i 4500</leader>
  <controlfield tag="001">20771749</controlfield>
  <controlfield tag="005">20200103074735.0</controlfield>
  <controlfield tag="008">181207s2018    bl ab    b    000 0 por d</controlfield>
  <datafield tag="906" ind1=" " ind2=" ">
    <subfield code="a">0</subfield>
    <subfield code="b">ibc</subfield>
    <subfield code="c">copycat</subfield>
    <subfield code="d">2</subfield>
    <subfield code="e">ncip</subfield>
    <subfield code="f">20</subfield>
    <subfield code="g">y-gencatlg</subfield>
  </datafield>
  <datafield tag="925" ind1="0" ind2=" ">
    <subfield code="a">acquire</subfield>
    <subfield code="b">1 shelf copy</subfield>
    <subfield code="x">policy default</subfield>
  </datafield>
  <datafield tag="955" ind1=" " ind2=" ">
    <subfield code="b">wr18 2020-01-03 z-processor</subfield>
  </datafield>
  <datafield tag="010" ind1=" " ind2=" ">
    <subfield code="a">  2018348218</subfield>
  </datafield>
  <datafield tag="020" ind1=" " ind2=" ">
    <subfield code="a">9788544425954</subfield>
    <subfield code="q">paperback</subfield>
  </datafield>
  <datafield tag="020" ind1=" " ind2=" ">
    <subfield code="a">854442595X</subfield>
    <subfield code="q">paperback</subfield>
  </datafield>
  <datafield tag="035" ind1=" " ind2=" ">
    <subfield code="a">(OCoLC)on1119525870</subfield>
  </datafield>
  <datafield tag="040" ind1=" " ind2=" ">
    <subfield code="a">IXA</subfield>
    <subfield code="b">eng</subfield>
    <subfield code="c">IXA</subfield>
    <subfield code="e">rda</subfield>
    <subfield code="d">OCLCF</subfield>
    <subfield code="d">DLC</subfield>
  </datafield>
  <datafield tag="042" ind1=" " ind2=" ">
    <subfield code="a">lccopycat</subfield>
  </datafield>
  <datafield tag="043" ind1=" " ind2=" ">
    <subfield code="a">s-bl---</subfield>
  </datafield>
  <datafield tag="097" ind1="0" ind2="0">
    <subfield code="a">S494.5.A45</subfield>
    <subfield code="b">C34 2018</subfield>
  </datafield>
  <datafield tag="245" ind1="0" ind2="0">
    <subfield code="a">Café geográfico :</subfield>
    <subfield code="b">colonização, floresta e sistemas agroflorestais na Amazônia /</subfield>
    <subfield code="c">Claudia Cleomar Ximenes, Danúbia Zanotelli Soares, Juander Antônio de Oliveira Souza, Willimis Alves Pereira, organizadores.</subfield>
  </datafield>
  <datafield tag="264" ind1=" " ind2="1">
    <subfield code="a">Curitiba, Brasil :</subfield>
    <subfield code="b">Editora CRV Ltda.,</subfield>
    <subfield code="c">2018.</subfield>
  </datafield>
  <datafield tag="300" ind1=" " ind2=" ">
    <subfield code="a">154 pages :</subfield>
    <subfield code="b">illustrations, maps ;</subfield>
    <subfield code="c">23 cm</subfield>
  </datafield>
  <datafield tag="336" ind1=" " ind2=" ">
    <subfield code="a">text</subfield>
    <subfield code="b">txt</subfield>
    <subfield code="2">rdacontent</subfield>
  </datafield>
  <datafield tag="337" ind1=" " ind2=" ">
    <subfield code="a">unmediated</subfield>
    <subfield code="b">n</subfield>
    <subfield code="2">rdamedia</subfield>
  </datafield>
  <datafield tag="338" ind1=" " ind2=" ">
    <subfield code="a">volume</subfield>
    <subfield code="b">nc</subfield>
    <subfield code="2">rdacarrier</subfield>
  </datafield>
  <datafield tag="504" ind1=" " ind2=" ">
    <subfield code="a">Includes bibliographical references.</subfield>
  </datafield>
  <datafield tag="520" ind1=" " ind2=" ">
    <subfield code="a">The first chapter discusses the cultivation of Conilon coffee (Coffea Canephora) in the shaded model; the second about the contribution of agroforestry systems (SAFs) to the conservation of natural resources in Rondônia; in the third, SAFs as a sustainable alternative in rural settlements in Ariquemes - RO; in the fourth, the influence of deforestation and afforestation on Rondônia&apos;s socioeconomic development; The fifth chapter presents the planted forest as an alternative for the sustainable development of Rondônia; in the sixth, colonization and deforestation in Rondônia are addressed, with a look at rural settlements; In the seventh is presented the colonization of Rondônia narrated by construction workers; The eighth and final chapter deals with a study proposal in the Juma River watershed, municipality of Apuí/AM, with the use of geoprocessing. Planted forests and agroforestry systems contribute to sustainability in the Amazon and, moreover, to the recovery of soil from areas without vegetation cover.</subfield>
  </datafield>
  <datafield tag="650" ind1=" " ind2="0">
    <subfield code="a">Agroforestry</subfield>
    <subfield code="z">Brazil</subfield>
    <subfield code="z">Rondônia (State)</subfield>
  </datafield>
  <datafield tag="650" ind1=" " ind2="0">
    <subfield code="a">Coffee industry</subfield>
    <subfield code="z">Brazil</subfield>
    <subfield code="z">Rondônia (State)</subfield>
  </datafield>
  <datafield tag="650" ind1=" " ind2="0">
    <subfield code="a">Conservation of natural resources</subfield>
    <subfield code="z">Brazil</subfield>
    <subfield code="z">Rondônia (State)</subfield>
  </datafield>
  <datafield tag="650" ind1=" " ind2="0">
    <subfield code="a">Sustainable development</subfield>
    <subfield code="z">Brazil</subfield>
    <subfield code="z">Rondônia (State)</subfield>
  </datafield>
  <datafield tag="650" ind1=" " ind2="7">
    <subfield code="a">Agroforestry.</subfield>
    <subfield code="2">fast</subfield>
    <subfield code="0">(OCoLC)fst00801850</subfield>
  </datafield>
  <datafield tag="650" ind1=" " ind2="7">
    <subfield code="a">Coffee industry.</subfield>
    <subfield code="2">fast</subfield>
    <subfield code="0">(OCoLC)fst00866361</subfield>
  </datafield>
  <datafield tag="650" ind1=" " ind2="7">
    <subfield code="a">Conservation of natural resources.</subfield>
    <subfield code="2">fast</subfield>
    <subfield code="0">(OCoLC)fst00875502</subfield>
  </datafield>
  <datafield tag="650" ind1=" " ind2="7">
    <subfield code="a">Sustainable development.</subfield>
    <subfield code="2">fast</subfield>
    <subfield code="0">(OCoLC)fst01139731</subfield>
  </datafield>
  <datafield tag="651" ind1=" " ind2="7">
    <subfield code="a">Brazil</subfield>
    <subfield code="z">Rondônia (State)</subfield>
    <subfield code="2">fast</subfield>
    <subfield code="0">(OCoLC)fst01330387</subfield>
  </datafield>
  <datafield tag="700" ind1="1" ind2=" ">
    <subfield code="a">Ximenes, Claudia Cleomar,</subfield>
    <subfield code="e">editor.</subfield>
  </datafield>
  <datafield tag="700" ind1="1" ind2=" ">
    <subfield code="a">Soares, Danúbia Zanotelli,</subfield>
    <subfield code="e">editor.</subfield>
  </datafield>
  <datafield tag="700" ind1="1" ind2=" ">
    <subfield code="a">Souza, Juander Antônio de Oliveira,</subfield>
    <subfield code="e">editor.</subfield>
  </datafield>
  <datafield tag="700" ind1="1" ind2=" ">
    <subfield code="a">Pereira, Willimis Alves,</subfield>
    <subfield code="e">editor.</subfield>
  </datafield>
  <datafield tag="985" ind1=" " ind2=" ">
    <subfield code="e">ODE-rj</subfield>
  </datafield>
</record>