
<record>
  <leader>03856cam a2200397 i 4500</leader>
  <controlfield tag="001">20776168</controlfield>
  <controlfield tag="005">20200103101725.0</controlfield>
  <controlfield tag="008">181211s2019    gauab    b   s000 0deng c</controlfield>
  <datafield tag="906" ind1=" " ind2=" ">
    <subfield code="a">7</subfield>
    <subfield code="b">cbc</subfield>
    <subfield code="c">orignew</subfield>
    <subfield code="d">1</subfield>
    <subfield code="e">ecip</subfield>
    <subfield code="f">20</subfield>
    <subfield code="g">y-gencatlg</subfield>
  </datafield>
  <datafield tag="925" ind1="0" ind2=" ">
    <subfield code="a">acquire</subfield>
    <subfield code="b">2 shelf copies</subfield>
    <subfield code="x">policy default (ex.)</subfield>
  </datafield>
  <datafield tag="955" ind1=" " ind2=" ">
    <subfield code="a">NcU</subfield>
    <subfield code="e">rf07 2018-12-14 (telework) to Dewey</subfield>
    <subfield code="w">xm09 2018-12-17</subfield>
    <subfield code="a">xn11 2019-07-18 1 copy rec&apos;d., to CIP ver.</subfield>
    <subfield code="f">rf06 2019-07-26 (telework) to CALM</subfield>
  </datafield>
  <datafield tag="010" ind1=" " ind2=" ">
    <subfield code="a">  2018058786</subfield>
  </datafield>
  <datafield tag="020" ind1=" " ind2=" ">
    <subfield code="a">9780820355238</subfield>
    <subfield code="q">(hardcover : alk. paper)</subfield>
  </datafield>
  <datafield tag="040" ind1=" " ind2=" ">
    <subfield code="a">NcU/DLC</subfield>
    <subfield code="b">eng</subfield>
    <subfield code="c">NcU</subfield>
    <subfield code="e">rda</subfield>
    <subfield code="d">DLC</subfield>
  </datafield>
  <datafield tag="042" ind1=" " ind2=" ">
    <subfield code="a">pcc</subfield>
  </datafield>
  <datafield tag="043" ind1=" " ind2=" ">
    <subfield code="a">n-us-ga</subfield>
  </datafield>
  <datafield tag="050" ind1="0" ind2="0">
    <subfield code="a">F291.8</subfield>
    <subfield code="b">.C55 2019</subfield>
  </datafield>
  <datafield tag="082" ind1="0" ind2="0">
    <subfield code="a">975.8</subfield>
    <subfield code="2">23</subfield>
  </datafield>
  <datafield tag="100" ind1="1" ind2=" ">
    <subfield code="a">Clough, G. Wayne,</subfield>
    <subfield code="e">author.</subfield>
  </datafield>
  <datafield tag="245" ind1="1" ind2="0">
    <subfield code="a">Things new &amp; strange :</subfield>
    <subfield code="b">a Southerner&apos;s journey through the Smithsonian collections /</subfield>
    <subfield code="c">G. Wayne Clough ; foreword by Lester D. Stephens.</subfield>
  </datafield>
  <datafield tag="246" ind1="3" ind2=" ">
    <subfield code="a">Things new and strange</subfield>
  </datafield>
  <datafield tag="264" ind1=" " ind2="1">
    <subfield code="a">Athens :</subfield>
    <subfield code="b">The University of Georgia Press ;</subfield>
    <subfield code="a">[Washington, D.C.] :</subfield>
    <subfield code="b">Published in association with the Smithsonian Institution,</subfield>
    <subfield code="c">[2019]</subfield>
  </datafield>
  <datafield tag="300" ind1=" " ind2=" ">
    <subfield code="a">viii, 253 pages :</subfield>
    <subfield code="b">illustrations, map ;</subfield>
    <subfield code="c">24 cm</subfield>
  </datafield>
  <datafield tag="336" ind1=" " ind2=" ">
    <subfield code="a">text</subfield>
    <subfield code="2">rdacontent</subfield>
  </datafield>
  <datafield tag="337" ind1=" " ind2=" ">
    <subfield code="a">unmediated</subfield>
    <subfield code="2">rdamedia</subfield>
  </datafield>
  <datafield tag="338" ind1=" " ind2=" ">
    <subfield code="a">volume</subfield>
    <subfield code="2">rdacarrier</subfield>
  </datafield>
  <datafield tag="520" ind1=" " ind2=" ">
    <subfield code="a">&quot;Things new and strange chronicles a research quest undertaken by G. Wayne Clough, the first secretary of the Smithsonian Institution born in the South. Soon after retiring from the Smithsonian, Clough decided to see what the Smithsonian collections could tell him about South Georgia, where he had spent most of his childhood in the 1940s and 1950s. The investigations that followed, which began as something of a quixotic scavenger hunt, expanded as Clough discovered that the collections had many more objects and documents from South Georgia than he had imagined. These objects illustrate important aspects of southern culture and history and also inspire reflections about how South Georgia has changed over time. Clough&apos;s discoveries--animal, plant, fossil, and rock specimens, along with cultural artifacts and works of art--not only serve as a springboard for reflections about the region and its history; they also bring Clough&apos;s own memories of his boyhood in Douglas, Georgia, back to life. Clough interweaves memories of his own experiences, such as hair-raising escapes from poisonous snakes and selling boiled peanuts for a nickel a bag at the annual auction of the tobacco crop, with anecdotes from family lore, which launch an exploration of his forebears and their place in South Georgia history. In following his engaging and personal narrative, we learn how nonspecialists can use museum archives and how family, community, and natural history are intertwined&quot;--</subfield>
    <subfield code="c">Provided by publisher.</subfield>
  </datafield>
  <datafield tag="504" ind1=" " ind2=" ">
    <subfield code="a">Includes bibliographical references (pages 241-247).</subfield>
  </datafield>
  <datafield tag="505" ind1="0" ind2=" ">
    <subfield code="a">Recollections of a South Georgia childhood -- The process of discovery -- Beginning with fossils: how a fossil mystery leads to a story of two lost eras -- Book learning -- Mammals: how what I saw came to be -- Birds and the stories they tell of the people who collect them -- Amphibians, reptiles, and a detour into my family history -- So many specimens, so little time: insects, trees, plants, fishes, and crawfish -- Geology: rocks, minerals, meteorites, and the people who love them -- Early Native American civilizations: a long story cut short -- The end of one era leads to the beginning of another -- Gullah Geechee: a South Georgia culture unto itself -- South Georgia arts and artists -- Jimmy Carter -- Reflections.</subfield>
  </datafield>
  <datafield tag="651" ind1=" " ind2="0">
    <subfield code="a">Georgia</subfield>
    <subfield code="x">Civilization.</subfield>
  </datafield>
  <datafield tag="651" ind1=" " ind2="0">
    <subfield code="a">Georgia</subfield>
    <subfield code="x">Social life and customs.</subfield>
  </datafield>
  <datafield tag="600" ind1="1" ind2="0">
    <subfield code="a">Clough, G. Wayne</subfield>
    <subfield code="x">Childhood and youth.</subfield>
  </datafield>
  <datafield tag="610" ind1="2" ind2="0">
    <subfield code="a">Smithsonian Institution.</subfield>
  </datafield>
  <datafield tag="700" ind1="1" ind2=" ">
    <subfield code="a">Stephens, Lester D.,</subfield>
    <subfield code="e">writer of foreword.</subfield>
  </datafield>
  <datafield tag="710" ind1="2" ind2=" ">
    <subfield code="a">Smithsonian Institution,</subfield>
    <subfield code="e">issuing body.</subfield>
  </datafield>
  <datafield tag="985" ind1=" " ind2=" ">
    <subfield code="a">NcUCIP</subfield>
    <subfield code="d">2018-12-11</subfield>
  </datafield>
</record>