
<record>
  <leader>03689cam a22005295i 4500</leader>
  <controlfield tag="001">20785048</controlfield>
  <controlfield tag="005">20200103061248.0</controlfield>
  <controlfield tag="008">181218s2018    bl       b    100 0bpor c</controlfield>
  <datafield tag="906" ind1=" " ind2=" ">
    <subfield code="a">0</subfield>
    <subfield code="b">ibc</subfield>
    <subfield code="c">pccadap</subfield>
    <subfield code="d">2</subfield>
    <subfield code="e">ncip</subfield>
    <subfield code="f">20</subfield>
    <subfield code="g">y-gencatlg</subfield>
  </datafield>
  <datafield tag="925" ind1="0" ind2=" ">
    <subfield code="a">acquire</subfield>
    <subfield code="b">1 shelf copy</subfield>
    <subfield code="x">policy default</subfield>
  </datafield>
  <datafield tag="955" ind1=" " ind2=" ">
    <subfield code="b">wr18 2020-01-03 z-processor</subfield>
  </datafield>
  <datafield tag="010" ind1=" " ind2=" ">
    <subfield code="a">  2018348450</subfield>
  </datafield>
  <datafield tag="020" ind1=" " ind2=" ">
    <subfield code="a">9788539109159</subfield>
  </datafield>
  <datafield tag="020" ind1=" " ind2=" ">
    <subfield code="a">8539109158</subfield>
  </datafield>
  <datafield tag="035" ind1=" " ind2=" ">
    <subfield code="a">(OCoLC)on1120683847</subfield>
  </datafield>
  <datafield tag="040" ind1=" " ind2=" ">
    <subfield code="a">MNU</subfield>
    <subfield code="b">eng</subfield>
    <subfield code="c">MNU</subfield>
    <subfield code="e">rda</subfield>
    <subfield code="d">OCLCO</subfield>
    <subfield code="d">OCL</subfield>
    <subfield code="d">DLC</subfield>
  </datafield>
  <datafield tag="042" ind1=" " ind2=" ">
    <subfield code="a">pcc</subfield>
  </datafield>
  <datafield tag="043" ind1=" " ind2=" ">
    <subfield code="a">s-bl---</subfield>
  </datafield>
  <datafield tag="097" ind1="0" ind2="0">
    <subfield code="a">HM596</subfield>
    <subfield code="b">.C65 2016</subfield>
  </datafield>
  <datafield tag="111" ind1="2" ind2=" ">
    <subfield code="a">Colóquio Crítica e Pragmatismo na Sociologia: diálogos entre Brasil e França</subfield>
    <subfield code="n">(1st :</subfield>
    <subfield code="d">2016 :</subfield>
    <subfield code="c">Brasilia, Brazil),</subfield>
    <subfield code="j">author.</subfield>
  </datafield>
  <datafield tag="245" ind1="1" ind2="0">
    <subfield code="a">Crítica e pragmatismo na sociologia :</subfield>
    <subfield code="b">diálogos entre Brasil e França /</subfield>
    <subfield code="c">Diogo Silva Corrêa, Laura Chartain, Rodrigo Cantu e Sayonara Leal organizadores.</subfield>
  </datafield>
  <datafield tag="250" ind1=" " ind2=" ">
    <subfield code="a">1a edição.</subfield>
  </datafield>
  <datafield tag="264" ind1=" " ind2="1">
    <subfield code="a">São Paulo :</subfield>
    <subfield code="b">Annablume,</subfield>
    <subfield code="c">2018.</subfield>
  </datafield>
  <datafield tag="300" ind1=" " ind2=" ">
    <subfield code="a">395 pages :</subfield>
    <subfield code="b">4 illustrations ;</subfield>
    <subfield code="c">23 cm</subfield>
  </datafield>
  <datafield tag="336" ind1=" " ind2=" ">
    <subfield code="a">text</subfield>
    <subfield code="b">txt</subfield>
    <subfield code="2">rdacontent</subfield>
  </datafield>
  <datafield tag="337" ind1=" " ind2=" ">
    <subfield code="a">unmediated</subfield>
    <subfield code="b">n</subfield>
    <subfield code="2">rdamedia</subfield>
  </datafield>
  <datafield tag="338" ind1=" " ind2=" ">
    <subfield code="a">volume</subfield>
    <subfield code="b">nc</subfield>
    <subfield code="2">rdacarrier</subfield>
  </datafield>
  <datafield tag="500" ind1=" " ind2=" ">
    <subfield code="a">Papers of a coloquium held August 24-26, 2016 in Brasilia, Brazil.</subfield>
  </datafield>
  <datafield tag="504" ind1=" " ind2=" ">
    <subfield code="a">Includes bibliographical references.</subfield>
  </datafield>
  <datafield tag="505" ind1="0" ind2=" ">
    <subfield code="a">Testemunhar como vítima no tribunal : estrutura normativa douso da palavra no seio de um dispositivo / Nicolas Dodier e Janine Barbot -- Público, socialização e politização : reler John Dewey na companhia de George Herbert Mead / Daniel Cefaï -- Sobre a cité hedonista : ume ordem de grandeza baseada no prazer e na alegria / Alexandre Werneck -- Dispositivos de normatização do ensino de sociologia na escola à provação de repertórios críticos de licenciandos em ciências sociais no Distrito Federal / Sayonara Leal -- A construção de um público da agricultura familiar na América Latina : emergência e engajamento na REAF Mercosul / Silvia A. Zimmermann -- Ascensão e queda das unidades de polícia pacificadora : esboço de uma sociologia da crítica / Diogo Silva Corrêa &amp; Palloma Valle Menezes -- O papel da mídia nas controvérsias sociotécnicas e o uso de ferramentas socioinformáticas para investigar mídias digitais / Flávia Gouveia -- O sofrimento ritual no Opus Dei : práticas sociais, reflexividade e disputa no contexto católico brasileiro / Asher Brum -- A ascensão evangélica no Brasil : análise pragmática em torno da produção do social por atores religiosos / Carlos Gutierrez -- A crítica social entre eficiência e sentido de justiça : análise do conteúdo normativo da crítica à terceirização em diálogo com Luc Boltanski / Thays Wolfarth Mossi -- Negociando o contrato fiscal : para uma sociologia da controvérsia tributária no Brasil (1990-1995) / Rodrigo Cantu.</subfield>
  </datafield>
  <datafield tag="650" ind1=" " ind2="0">
    <subfield code="a">Sociology</subfield>
    <subfield code="x">Philosophy</subfield>
    <subfield code="v">Congresses.</subfield>
  </datafield>
  <datafield tag="650" ind1=" " ind2="0">
    <subfield code="a">Pragmatism</subfield>
    <subfield code="v">Congresses.</subfield>
  </datafield>
  <datafield tag="650" ind1=" " ind2="0">
    <subfield code="a">Critical theory</subfield>
    <subfield code="v">Congresses.</subfield>
  </datafield>
  <datafield tag="650" ind1=" " ind2="0">
    <subfield code="a">Political sociology</subfield>
    <subfield code="v">Congresses.</subfield>
  </datafield>
  <datafield tag="650" ind1=" " ind2="0">
    <subfield code="a">Sociology</subfield>
    <subfield code="z">Brazil</subfield>
    <subfield code="v">Congresses.</subfield>
  </datafield>
  <datafield tag="650" ind1=" " ind2="7">
    <subfield code="a">Sociology</subfield>
    <subfield code="x">Philosophy.</subfield>
    <subfield code="2">fast</subfield>
    <subfield code="0">(OCoLC)fst01123904</subfield>
  </datafield>
  <datafield tag="650" ind1=" " ind2="7">
    <subfield code="a">Sociology.</subfield>
    <subfield code="2">fast</subfield>
    <subfield code="0">(OCoLC)fst01123875</subfield>
  </datafield>
  <datafield tag="650" ind1=" " ind2="7">
    <subfield code="a">Pragmatism.</subfield>
    <subfield code="2">fast</subfield>
    <subfield code="0">(OCoLC)fst01074582</subfield>
  </datafield>
  <datafield tag="650" ind1=" " ind2="7">
    <subfield code="a">Political sociology.</subfield>
    <subfield code="2">fast</subfield>
    <subfield code="0">(OCoLC)fst01069877</subfield>
  </datafield>
  <datafield tag="650" ind1=" " ind2="7">
    <subfield code="a">Critical theory.</subfield>
    <subfield code="2">fast</subfield>
    <subfield code="0">(OCoLC)fst00883690</subfield>
  </datafield>
  <datafield tag="651" ind1=" " ind2="7">
    <subfield code="a">Brazil.</subfield>
    <subfield code="2">fast</subfield>
    <subfield code="0">(OCoLC)fst01206830</subfield>
  </datafield>
  <datafield tag="655" ind1=" " ind2="7">
    <subfield code="a">Conference papers and proceedings.</subfield>
    <subfield code="2">fast</subfield>
    <subfield code="0">(OCoLC)fst01423772</subfield>
  </datafield>
  <datafield tag="700" ind1="1" ind2=" ">
    <subfield code="a">Corrêa, Diogo Silva</subfield>
    <subfield code="e">editor.</subfield>
  </datafield>
  <datafield tag="700" ind1="1" ind2=" ">
    <subfield code="a">Chartain, Laura</subfield>
    <subfield code="e">editor.</subfield>
  </datafield>
  <datafield tag="700" ind1="1" ind2=" ">
    <subfield code="a">Cantu, Rodrigo</subfield>
    <subfield code="e">editor.</subfield>
  </datafield>
  <datafield tag="700" ind1="1" ind2=" ">
    <subfield code="a">Leal, Sayonara</subfield>
    <subfield code="e">editor.</subfield>
  </datafield>
  <datafield tag="985" ind1=" " ind2=" ">
    <subfield code="e">ODE-rj</subfield>
  </datafield>
</record>