
<record>
  <leader>04988cam a22004338i 4500</leader>
  <controlfield tag="001">20786954</controlfield>
  <controlfield tag="005">20200103102850.0</controlfield>
  <controlfield tag="008">181219s2019    ncu      b    000 0 eng  </controlfield>
  <datafield tag="906" ind1=" " ind2=" ">
    <subfield code="a">0</subfield>
    <subfield code="b">vip</subfield>
    <subfield code="c">orignew</subfield>
    <subfield code="d">1</subfield>
    <subfield code="e">ecip</subfield>
    <subfield code="f">20</subfield>
    <subfield code="g">y-gencatlg</subfield>
  </datafield>
  <datafield tag="925" ind1="0" ind2=" ">
    <subfield code="a">acquire</subfield>
    <subfield code="b">1 shelf copy</subfield>
    <subfield code="x">policy default</subfield>
  </datafield>
  <datafield tag="955" ind1=" " ind2=" ">
    <subfield code="b">re17 2018-12-19</subfield>
    <subfield code="i">re17 2018-12-19</subfield>
    <subfield code="a">re09 2019-01-08 rev.</subfield>
    <subfield code="a">re17 2019-01-08 to Sl</subfield>
    <subfield code="e">re24 20 19-01-11 to Dewey</subfield>
    <subfield code="w">re09 2019-01-17 to CIP</subfield>
    <subfield code="a">xn11 2020-01-03 1 copy rec&apos;d., to CIP ver.</subfield>
  </datafield>
  <datafield tag="010" ind1=" " ind2=" ">
    <subfield code="a">  2018056924</subfield>
  </datafield>
  <datafield tag="020" ind1=" " ind2=" ">
    <subfield code="a">9781641135016 (pbk.)</subfield>
  </datafield>
  <datafield tag="020" ind1=" " ind2=" ">
    <subfield code="a">9781641135023 (harcover)</subfield>
  </datafield>
  <datafield tag="020" ind1=" " ind2=" ">
    <subfield code="z">9781641135030 (ebook)</subfield>
  </datafield>
  <datafield tag="040" ind1=" " ind2=" ">
    <subfield code="a">DLC</subfield>
    <subfield code="b">eng</subfield>
    <subfield code="c">DLC</subfield>
    <subfield code="e">rda</subfield>
  </datafield>
  <datafield tag="042" ind1=" " ind2=" ">
    <subfield code="a">pcc</subfield>
  </datafield>
  <datafield tag="050" ind1="0" ind2="0">
    <subfield code="a">LB2806</subfield>
    <subfield code="b">.E4223 2019</subfield>
  </datafield>
  <datafield tag="082" ind1="0" ind2="0">
    <subfield code="a">371.2</subfield>
    <subfield code="2">23</subfield>
  </datafield>
  <datafield tag="245" ind1="0" ind2="0">
    <subfield code="a">Educational Leadership, Culture, and Success in High-Need Schools /</subfield>
    <subfield code="c">Edited by Elizabeth Murakami, David Gurr, Ross Notman.</subfield>
  </datafield>
  <datafield tag="263" ind1=" " ind2=" ">
    <subfield code="a">1111</subfield>
  </datafield>
  <datafield tag="264" ind1=" " ind2="1">
    <subfield code="a">Charlotte, NC :</subfield>
    <subfield code="b">Information Age Publishing Inc.,</subfield>
    <subfield code="c">[2019]</subfield>
  </datafield>
  <datafield tag="300" ind1=" " ind2=" ">
    <subfield code="a">pages cm.</subfield>
  </datafield>
  <datafield tag="336" ind1=" " ind2=" ">
    <subfield code="a">text</subfield>
    <subfield code="b">txt</subfield>
    <subfield code="2">rdacontent</subfield>
  </datafield>
  <datafield tag="337" ind1=" " ind2=" ">
    <subfield code="a">unmediated</subfield>
    <subfield code="b">n</subfield>
    <subfield code="2">rdamedia</subfield>
  </datafield>
  <datafield tag="338" ind1=" " ind2=" ">
    <subfield code="a">volume</subfield>
    <subfield code="b">nc</subfield>
    <subfield code="2">rdacarrier</subfield>
  </datafield>
  <datafield tag="490" ind1="0" ind2=" ">
    <subfield code="a">International Research on School Leadership</subfield>
  </datafield>
  <datafield tag="504" ind1=" " ind2=" ">
    <subfield code="a">Includes bibliographical references.</subfield>
  </datafield>
  <datafield tag="505" ind1="0" ind2=" ">
    <subfield code="a">Educational Leadership, Culture and Success in High-Need Schools: Introduction from the Editors / Elizabeth Murakami, Ross Notman, and David Gurr -- Part I: Contextually-responsive leadership -- Principals in High-Performing, High-Poverty, Minority-Serving Schools in Texas / Elizabeth Murakami, and W. Sean Kearney -- Successful School Leadership That is Culturally Sensitive but not Context Constrained / David Gurr, Lawrie Drysdale, Fiona Longmuir, &amp; Kieran McCrohan -- Principals&apos; Work in High-Need Schools: Findings from Rio de Janeiro / Ana Cristina Prado de Oliveira and Cynthia Paes de Carvalho -- Part II: Leadership for learning -- School Leadership for Social Justice and STEM: Findings from a High Need Secondary School in Belize / Lorenda Chisolm, Noemi Waight and Stephen Jacobson -- Leadership Practices for Equity and Excellence: An Exploratory Narrative of Two Principals of High-Need Elementary Schools in California / Betty Alford -- Creating a Culture for Learning in a High-Need Inner-City USA School: The Unique Leadership Challenges / Mette L. Baran and Glady Van Harpen -- Part III: Successful educational leadership practice -- Leadership in High-Needs/High Performing Schools: Success Stories from an Urban School District / Jami Royal Berry and Sheryl Cowart Moss -- Sustaining a Culture of Academic Success at a High-Needs Elementary School / Nathern S. Okilwa and Bruce Barnett -- School Leadership Practices in Early Childhood Education: Three Case Studies from New Zealand /Ross Notman and Stephen Jacobson -- Epilogue: Making World Connections: Educational Leadership in High-need Schools / David Gurr, Elizabeth Murakami, and Ross Notman.</subfield>
  </datafield>
  <datafield tag="520" ind1=" " ind2=" ">
    <subfield code="a">&quot;The exploration of the intersection of leadership practices from the school principal and other educators, the school culture, and the school success across different high-need contexts and cultures make this volume unique. Chapters in this volume present original investigations or reanalysis of empirical research enhancing our understanding of the interrelationship between leadership, culture and success through descriptions of practice that can contribute to lessons in leadership for school improvement. When considering a culture of success, leadership that focuses on impacting schools in high-need areas bring about lessons on how to create sustainable environments for student learning in challenging contexts. High-need schools include not only socioeconomic challenges influencing the performance of students. It includes multiple external and internal factors impacting leaders, teachers, students, and their families, affecting the management of structures, processes, and most importantly, learning. In the quest to improve high-need schools, and understand strategies for principals dedicated to a variety of contexts, this volume brings lessons with application for researchers, policy-makers, and practitioners who want to join in the quest to improve the quality of education among worldwide communities&quot;--</subfield>
    <subfield code="c">Provided by publisher.</subfield>
  </datafield>
  <datafield tag="650" ind1=" " ind2="0">
    <subfield code="a">Educational leadership</subfield>
    <subfield code="v">Cross-cultural studies.</subfield>
  </datafield>
  <datafield tag="650" ind1=" " ind2="0">
    <subfield code="a">Low-performing schools</subfield>
    <subfield code="v">Cross-cultural studies.</subfield>
  </datafield>
  <datafield tag="650" ind1=" " ind2="0">
    <subfield code="a">School improvement programs</subfield>
    <subfield code="v">Cross-cultural studies.</subfield>
  </datafield>
  <datafield tag="650" ind1=" " ind2="0">
    <subfield code="a">Teacher-administrator relationships</subfield>
    <subfield code="v">Cross-cultural studies.</subfield>
  </datafield>
  <datafield tag="700" ind1="1" ind2=" ">
    <subfield code="a">Murakami, Elizabeth,</subfield>
    <subfield code="e">editor.</subfield>
  </datafield>
  <datafield tag="700" ind1="1" ind2=" ">
    <subfield code="a">Gurr, David</subfield>
    <subfield code="c">(Lecturer in educational leadership)</subfield>
    <subfield code="e">editor.</subfield>
  </datafield>
  <datafield tag="700" ind1="1" ind2=" ">
    <subfield code="a">Notman, Ross,</subfield>
    <subfield code="e">editor.</subfield>
  </datafield>
  <datafield tag="776" ind1="0" ind2="8">
    <subfield code="i">Online version:</subfield>
    <subfield code="t">Educational Leadership, Culture, and Success in High-Need Schools</subfield>
    <subfield code="d">Charlotte, NC : Information Age Publishing Inc., [2019]</subfield>
    <subfield code="z">9781641135030</subfield>
    <subfield code="w">(DLC) 2019002587</subfield>
  </datafield>
  <datafield tag="963" ind1=" " ind2=" ">
    <subfield code="a">George Johnson; phone: 704-7529125; fax: 704-752-9113; email: george@infoagepub.com; bc: george@infoagepub.com</subfield>
  </datafield>
</record>