
<record>
  <leader>02958cam a2200349 i 4500</leader>
  <controlfield tag="001">20787219</controlfield>
  <controlfield tag="005">20200103093119.0</controlfield>
  <controlfield tag="008">181219s2019    enk      b    001 0 eng  </controlfield>
  <datafield tag="906" ind1=" " ind2=" ">
    <subfield code="a">7</subfield>
    <subfield code="b">cbc</subfield>
    <subfield code="c">orignew</subfield>
    <subfield code="d">1</subfield>
    <subfield code="e">ecip</subfield>
    <subfield code="f">20</subfield>
    <subfield code="g">y-gencatlg</subfield>
  </datafield>
  <datafield tag="925" ind1="0" ind2=" ">
    <subfield code="a">acquire</subfield>
    <subfield code="b">1 shelf copy</subfield>
    <subfield code="x">policy default</subfield>
  </datafield>
  <datafield tag="955" ind1=" " ind2=" ">
    <subfield code="b">re17 2018-12-19</subfield>
    <subfield code="i">re17 2018-12-19</subfield>
    <subfield code="a">re09 2019-01-09 rev.</subfield>
    <subfield code="a">re17 2019-01-11 to Sl</subfield>
    <subfield code="e">re12 2019-01-11 to Dewey</subfield>
    <subfield code="w">re09 2019-01-16 to CIP</subfield>
    <subfield code="a">xn11 2019-12-17 1 copy rec&apos;d., to CIP ver.</subfield>
    <subfield code="f">re24 2020-01-03 to CALM</subfield>
  </datafield>
  <datafield tag="010" ind1=" " ind2=" ">
    <subfield code="a">  2018060572</subfield>
  </datafield>
  <datafield tag="020" ind1=" " ind2=" ">
    <subfield code="a">9781785928192 (alk. paper)</subfield>
  </datafield>
  <datafield tag="040" ind1=" " ind2=" ">
    <subfield code="a">DLC</subfield>
    <subfield code="b">eng</subfield>
    <subfield code="c">DLC</subfield>
    <subfield code="e">rda</subfield>
    <subfield code="d">DLC</subfield>
  </datafield>
  <datafield tag="042" ind1=" " ind2=" ">
    <subfield code="a">pcc</subfield>
  </datafield>
  <datafield tag="050" ind1="0" ind2="0">
    <subfield code="a">LB1139.23</subfield>
    <subfield code="b">.P375 2019</subfield>
  </datafield>
  <datafield tag="082" ind1="0" ind2="0">
    <subfield code="a">372.21</subfield>
    <subfield code="2">23</subfield>
  </datafield>
  <datafield tag="100" ind1="1" ind2=" ">
    <subfield code="a">Pastel, Encian,</subfield>
    <subfield code="e">author.</subfield>
  </datafield>
  <datafield tag="245" ind1="1" ind2="0">
    <subfield code="a">Supporting gender diversity in early childhood classrooms :</subfield>
    <subfield code="b">a practical guide /</subfield>
    <subfield code="c">Encian Pastel, Katie Steele, Julie Nicholson, Cyndi Maurer, Julia Hennock, Jonathan Julian, Tess Unger and Nathanael Flynn.</subfield>
  </datafield>
  <datafield tag="264" ind1=" " ind2="1">
    <subfield code="a">London ;</subfield>
    <subfield code="a">Philadelphia, PA :</subfield>
    <subfield code="b">Jessica Kingsley Publishers,</subfield>
    <subfield code="c">2019.</subfield>
  </datafield>
  <datafield tag="300" ind1=" " ind2=" ">
    <subfield code="a">222 pages ;</subfield>
    <subfield code="c">23 cm</subfield>
  </datafield>
  <datafield tag="336" ind1=" " ind2=" ">
    <subfield code="a">text</subfield>
    <subfield code="b">txt</subfield>
    <subfield code="2">rdacontent</subfield>
  </datafield>
  <datafield tag="337" ind1=" " ind2=" ">
    <subfield code="a">unmediated</subfield>
    <subfield code="b">n</subfield>
    <subfield code="2">rdamedia</subfield>
  </datafield>
  <datafield tag="338" ind1=" " ind2=" ">
    <subfield code="a">volume</subfield>
    <subfield code="b">nc</subfield>
    <subfield code="2">rdacarrier</subfield>
  </datafield>
  <datafield tag="504" ind1=" " ind2=" ">
    <subfield code="a">Includes bibliographical references (pages 207-215) and index.</subfield>
  </datafield>
  <datafield tag="505" ind1="0" ind2=" ">
    <subfield code="a">Gender 101 -- Attuned and responsive relationships -- Building self-awareness to check assumptions and interrupt biases about gender -- Co-creating dynamic gender justice curricula and early childhood environments -- Gender justice in children&apos;s literature -- Working with families and colleagues to support children&apos;s gender health and create gender justice in our programs.</subfield>
  </datafield>
  <datafield tag="520" ind1=" " ind2=" ">
    <subfield code="a">&quot;By offering practical steps for adults who work with young children to build inclusive and intentional spaces where all children receive positive messages about their unique gender selves, this book increases awareness about gender diversity in learning environments such as child care centres, family child care homes and preschools. The book is based on some of the most progressive, modern understandings of gender and intersectionality, as well as research on child development, gender health, trauma informed practices and the science of adult learning. By including the voices and lived experiences of gender-expansive children, transgender adults, early childhood educators and parents and family members of trans and gender-expansive children, it contextualizes what it means to rethink early learning programs with a commitment to gender justice and gender equality for all children&quot;--</subfield>
    <subfield code="c">Provided by publisher.</subfield>
  </datafield>
  <datafield tag="650" ind1=" " ind2="0">
    <subfield code="a">Early childhood education</subfield>
    <subfield code="x">Social aspects.</subfield>
  </datafield>
  <datafield tag="650" ind1=" " ind2="0">
    <subfield code="a">Gender identity in education.</subfield>
  </datafield>
  <datafield tag="650" ind1=" " ind2="0">
    <subfield code="a">Sex differences in education.</subfield>
  </datafield>
  <datafield tag="776" ind1="0" ind2="8">
    <subfield code="i">Online version:</subfield>
    <subfield code="a">Pastel, Encian, author.</subfield>
    <subfield code="t">Supporting gender diversity in early childhood classrooms</subfield>
    <subfield code="d">London ; Philadelphia, PA : Jessica Kingsley Publishers, 2019</subfield>
    <subfield code="z">9781784509149</subfield>
    <subfield code="w">(DLC) 2019002409</subfield>
  </datafield>
  <datafield tag="985" ind1=" " ind2=" ">
    <subfield code="c">BibFrame Pilot</subfield>
    <subfield code="e">20200103</subfield>
  </datafield>
</record>
</collection>
